%YAML 1.1
%TAG !u! tag:unity3d.com,2011:
--- !u!1 &25530370627121121
GameObject:
  m_ObjectHideFlags: 0
  m_CorrespondingSourceObject: {fileID: 0}
  m_PrefabInstance: {fileID: 0}
  m_PrefabAsset: {fileID: 0}
  serializedVersion: 6
  m_Component:
  - component: {fileID: 8218564501121211250}
  m_Layer: 0
  m_Name: Ankle_L
  m_TagString: Untagged
  m_Icon: {fileID: 0}
  m_NavMeshLayer: 0
  m_StaticEditorFlags: 0
  m_IsActive: 1
--- !u!4 &8218564501121211250
Transform:
  m_ObjectHideFlags: 0
  m_CorrespondingSourceObject: {fileID: 0}
  m_PrefabInstance: {fileID: 0}
  m_PrefabAsset: {fileID: 0}
  m_GameObject: {fileID: 25530370627121121}
  m_LocalRotation: {x: 0.85767007, y: 0.507213, z: 0.039752707, w: -0.0745436}
  m_LocalPosition: {x: 0.37712327, y: 0.00000013169495, z: -0.0000008411038}
  m_LocalScale: {x: 1, y: 1, z: 1}
  m_Children:
  - {fileID: 8579948777923850479}
  m_Father: {fileID: 8233712461762303587}
  m_RootOrder: 0
  m_LocalEulerAnglesHint: {x: 0, y: 0, z: 0}
--- !u!1 &28105841427539130
GameObject:
  m_ObjectHideFlags: 0
  m_CorrespondingSourceObject: {fileID: 0}
  m_PrefabInstance: {fileID: 0}
  m_PrefabAsset: {fileID: 0}
  serializedVersion: 6
  m_Component:
  - component: {fileID: 4863562639406732658}
  m_Layer: 0
  m_Name: UpperLeg_L
  m_TagString: Untagged
  m_Icon: {fileID: 0}
  m_NavMeshLayer: 0
  m_StaticEditorFlags: 0
  m_IsActive: 1
--- !u!4 &4863562639406732658
Transform:
  m_ObjectHideFlags: 0
  m_CorrespondingSourceObject: {fileID: 0}
  m_PrefabInstance: {fileID: 0}
  m_PrefabAsset: {fileID: 0}
  m_GameObject: {fileID: 28105841427539130}
  m_LocalRotation: {x: -0.7058717, y: 0.04177525, z: -0.064159356, w: 0.70419}
  m_LocalPosition: {x: 0.041157782, y: -0.026920749, z: 0.098967105}
  m_LocalScale: {x: 1, y: 1, z: 1}
  m_Children:
  - {fileID: 8233712461762303587}
  m_Father: {fileID: 4661888623762284337}
  m_RootOrder: 1
  m_LocalEulerAnglesHint: {x: 0, y: 0, z: 0}
--- !u!1 &174131883991217989
GameObject:
  m_ObjectHideFlags: 0
  m_CorrespondingSourceObject: {fileID: 0}
  m_PrefabInstance: {fileID: 0}
  m_PrefabAsset: {fileID: 0}
  serializedVersion: 6
  m_Component:
  - component: {fileID: 6529951840043480764}
  m_Layer: 0
  m_Name: Finger_04
  m_TagString: Untagged
  m_Icon: {fileID: 0}
  m_NavMeshLayer: 0
  m_StaticEditorFlags: 0
  m_IsActive: 1
--- !u!4 &6529951840043480764
Transform:
  m_ObjectHideFlags: 0
  m_CorrespondingSourceObject: {fileID: 0}
  m_PrefabInstance: {fileID: 0}
  m_PrefabAsset: {fileID: 0}
  m_GameObject: {fileID: 174131883991217989}
  m_LocalRotation: {x: 0.01664637, y: 0.096525334, z: -0.16913006, w: 0.98071444}
  m_LocalPosition: {x: -0.030032393, y: 2.126771e-16, z: -1.110223e-18}
  m_LocalScale: {x: 1, y: 1, z: 1}
  m_Children: []
  m_Father: {fileID: 814622536354119123}
  m_RootOrder: 0
  m_LocalEulerAnglesHint: {x: 0, y: 0, z: 0}
--- !u!1 &230668583373790519
GameObject:
  m_ObjectHideFlags: 0
  m_CorrespondingSourceObject: {fileID: 0}
  m_PrefabInstance: {fileID: 0}
  m_PrefabAsset: {fileID: 0}
  serializedVersion: 6
  m_Component:
  - component: {fileID: 5357330105052557094}
  m_Layer: 0
  m_Name: Hand_R
  m_TagString: Untagged
  m_Icon: {fileID: 0}
  m_NavMeshLayer: 0
  m_StaticEditorFlags: 0
  m_IsActive: 1
--- !u!4 &5357330105052557094
Transform:
  m_ObjectHideFlags: 0
  m_CorrespondingSourceObject: {fileID: 0}
  m_PrefabInstance: {fileID: 0}
  m_PrefabAsset: {fileID: 0}
  m_GameObject: {fileID: 230668583373790519}
  m_LocalRotation: {x: -1.0083177e-16, y: -0.035830766, z: -1.1722682e-15, w: 0.9993579}
  m_LocalPosition: {x: 0.2711449, y: -2.842171e-16, z: 0.00038136088}
  m_LocalScale: {x: 1, y: 1, z: 1}
  m_Children:
  - {fileID: 3813615215859414961}
  - {fileID: 6884504502324804384}
  - {fileID: 3247036953203251672}
  m_Father: {fileID: 2980244174022136790}
  m_RootOrder: 0
  m_LocalEulerAnglesHint: {x: 0, y: 0, z: 0}
--- !u!1 &432678831057467368
GameObject:
  m_ObjectHideFlags: 0
  m_CorrespondingSourceObject: {fileID: 0}
  m_PrefabInstance: {fileID: 0}
  m_PrefabAsset: {fileID: 0}
  serializedVersion: 6
  m_Component:
  - component: {fileID: 863241487252242241}
  m_Layer: 0
  m_Name: Finger_03 1
  m_TagString: Untagged
  m_Icon: {fileID: 0}
  m_NavMeshLayer: 0
  m_StaticEditorFlags: 0
  m_IsActive: 1
--- !u!4 &863241487252242241
Transform:
  m_ObjectHideFlags: 0
  m_CorrespondingSourceObject: {fileID: 0}
  m_PrefabInstance: {fileID: 0}
  m_PrefabAsset: {fileID: 0}
  m_GameObject: {fileID: 432678831057467368}
  m_LocalRotation: {x: -0.018149227, y: -0.07147895, z: 0.09251083, w: 0.9929769}
  m_LocalPosition: {x: 0.035133243, y: -0.00000019978481, z: 0.000000014853608}
  m_LocalScale: {x: 1, y: 1, z: 1}
  m_Children:
  - {fileID: 7278012945438142304}
  m_Father: {fileID: 776661988933308832}
  m_RootOrder: 0
  m_LocalEulerAnglesHint: {x: 0, y: 0, z: 0}
--- !u!1 &520486422903047764
GameObject:
  m_ObjectHideFlags: 0
  m_CorrespondingSourceObject: {fileID: 0}
  m_PrefabInstance: {fileID: 0}
  m_PrefabAsset: {fileID: 0}
  serializedVersion: 6
  m_Component:
  - component: {fileID: 776661988933308832}
  m_Layer: 0
  m_Name: Finger_02 1
  m_TagString: Untagged
  m_Icon: {fileID: 0}
  m_NavMeshLayer: 0
  m_StaticEditorFlags: 0
  m_IsActive: 1
--- !u!4 &776661988933308832
Transform:
  m_ObjectHideFlags: 0
  m_CorrespondingSourceObject: {fileID: 0}
  m_PrefabInstance: {fileID: 0}
  m_PrefabAsset: {fileID: 0}
  m_GameObject: {fileID: 520486422903047764}
  m_LocalRotation: {x: 0.0026372706, y: 0.019492026, z: 0.02126933, w: 0.99958026}
  m_LocalPosition: {x: 0.04248809, y: 0.00000026534414, z: -0.000000019789931}
  m_LocalScale: {x: 1, y: 1, z: 1}
  m_Children:
  - {fileID: 863241487252242241}
  m_Father: {fileID: 3813615215859414961}
  m_RootOrder: 0
  m_LocalEulerAnglesHint: {x: 0, y: 0, z: 0}
--- !u!1 &529145422683290746
GameObject:
  m_ObjectHideFlags: 0
  m_CorrespondingSourceObject: {fileID: 0}
  m_PrefabInstance: {fileID: 0}
  m_PrefabAsset: {fileID: 0}
  serializedVersion: 6
  m_Component:
  - component: {fileID: 4806415244178885926}
  - component: {fileID: 4617945078099223680}
  m_Layer: 0
  m_Name: Character_BusinessMan_Suit
  m_TagString: Untagged
  m_Icon: {fileID: 0}
  m_NavMeshLayer: 0
  m_StaticEditorFlags: 0
  m_IsActive: 0
--- !u!4 &4806415244178885926
Transform:
  m_ObjectHideFlags: 0
  m_CorrespondingSourceObject: {fileID: 0}
  m_PrefabInstance: {fileID: 0}
  m_PrefabAsset: {fileID: 0}
  m_GameObject: {fileID: 529145422683290746}
  m_LocalRotation: {x: 0, y: -0, z: -0, w: 1}
  m_LocalPosition: {x: -0, y: 0, z: 0}
  m_LocalScale: {x: 1, y: 1, z: 1}
  m_Children: []
  m_Father: {fileID: 7439648359383365923}
  m_RootOrder: 1
  m_LocalEulerAnglesHint: {x: 0, y: 0, z: 0}
--- !u!137 &4617945078099223680
SkinnedMeshRenderer:
  m_ObjectHideFlags: 0
  m_CorrespondingSourceObject: {fileID: 0}
  m_PrefabInstance: {fileID: 0}
  m_PrefabAsset: {fileID: 0}
  m_GameObject: {fileID: 529145422683290746}
  m_Enabled: 1
  m_CastShadows: 1
  m_ReceiveShadows: 1
  m_DynamicOccludee: 1
  m_MotionVectors: 1
  m_LightProbeUsage: 1
  m_ReflectionProbeUsage: 1
  m_RenderingLayerMask: 1
  m_RendererPriority: 0
  m_Materials:
  - {fileID: 2100000, guid: 62e25ef75a2216f418d06453c9ad15cb, type: 2}
  m_StaticBatchInfo:
    firstSubMesh: 0
    subMeshCount: 0
  m_StaticBatchRoot: {fileID: 0}
  m_ProbeAnchor: {fileID: 0}
  m_LightProbeVolumeOverride: {fileID: 0}
  m_ScaleInLightmap: 1
  m_PreserveUVs: 0
  m_IgnoreNormalsForChartDetection: 0
  m_ImportantGI: 0
  m_StitchLightmapSeams: 0
  m_SelectedEditorRenderState: 3
  m_MinimumChartSize: 4
  m_AutoUVMaxDistance: 0.5
  m_AutoUVMaxAngle: 89
  m_LightmapParameters: {fileID: 0}
  m_SortingLayerID: 0
  m_SortingLayer: 0
  m_SortingOrder: 0
  serializedVersion: 2
  m_Quality: 0
  m_UpdateWhenOffscreen: 0
  m_SkinnedMotionVectors: 1
  m_Mesh: {fileID: 4300004, guid: 91028badc63f59f43a9c5bda64fbd608, type: 3}
  m_Bones:
  - {fileID: 1762658652380419769}
  - {fileID: 4661888623762284337}
  - {fileID: 6761035649266330117}
  - {fileID: 8703031531247233422}
  - {fileID: 4339866809122655310}
  - {fileID: 6406467525343438639}
  - {fileID: 1052037480182516448}
  - {fileID: 8922692719002647421}
  - {fileID: 9056378177501550759}
  - {fileID: 203548941565094727}
  - {fileID: 2373252568502670634}
  - {fileID: 2562555563051093032}
  - {fileID: 1762340860311659846}
  - {fileID: 5579278736517540212}
  - {fileID: 3008678504867015277}
  - {fileID: 1487817700558092907}
  - {fileID: 5430418087523512699}
  - {fileID: 1864303495030134351}
  - {fileID: 1430494140457969357}
  - {fileID: 7116307433377907059}
  - {fileID: 6153652652088448964}
  - {fileID: 9106847241044692015}
  - {fileID: 814622536354119123}
  - {fileID: 6529951840043480764}
  - {fileID: 8498279164275622379}
  - {fileID: 6579830936620190776}
  - {fileID: 2980244174022136790}
  - {fileID: 5357330105052557094}
  - {fileID: 3247036953203251672}
  - {fileID: 6072342910731577661}
  - {fileID: 8978221689059106337}
  - {fileID: 6884504502324804384}
  - {fileID: 4268754028628769232}
  - {fileID: 7824077230226239858}
  - {fileID: 8322727422198410141}
  - {fileID: 3813615215859414961}
  - {fileID: 776661988933308832}
  - {fileID: 863241487252242241}
  - {fileID: 7278012945438142304}
  - {fileID: 1595200372034752378}
  - {fileID: 9122882390688806277}
  - {fileID: 2985359937478011326}
  - {fileID: 2047759973497733682}
  - {fileID: 3997102070692315880}
  - {fileID: 4863562639406732658}
  - {fileID: 8233712461762303587}
  - {fileID: 8218564501121211250}
  - {fileID: 8579948777923850479}
  - {fileID: 7941449125788041478}
  m_BlendShapeWeights: []
  m_RootBone: {fileID: 1762658652380419769}
  m_AABB:
    m_Center: {x: -0.00000023841858, y: 0.8643996, z: -0.056034125}
    m_Extent: {x: 1.0245584, y: 0.9625047, z: 0.27715918}
  m_DirtyAABB: 0
--- !u!1 &595692406808405184
GameObject:
  m_ObjectHideFlags: 0
  m_CorrespondingSourceObject: {fileID: 0}
  m_PrefabInstance: {fileID: 0}
  m_PrefabAsset: {fileID: 0}
  serializedVersion: 6
  m_Component:
  - component: {fileID: 4339866809122655310}
  m_Layer: 0
  m_Name: Spine_03
  m_TagString: Untagged
  m_Icon: {fileID: 0}
  m_NavMeshLayer: 0
  m_StaticEditorFlags: 0
  m_IsActive: 1
--- !u!4 &4339866809122655310
Transform:
  m_ObjectHideFlags: 0
  m_CorrespondingSourceObject: {fileID: 0}
  m_PrefabInstance: {fileID: 0}
  m_PrefabAsset: {fileID: 0}
  m_GameObject: {fileID: 595692406808405184}
  m_LocalRotation: {x: 0.9938103, y: -0.11109032, z: 5.6933234e-17, w: -5.5249587e-17}
  m_LocalPosition: {x: -0.17903724, y: 2.2204459e-17, z: 7.509725e-17}
  m_LocalScale: {x: 1, y: 1, z: 1}
  m_Children:
  - {fileID: 203548941565094727}
  - {fileID: 8498279164275622379}
  - {fileID: 6406467525343438639}
  m_Father: {fileID: 8703031531247233422}
  m_RootOrder: 0
  m_LocalEulerAnglesHint: {x: 0, y: 0, z: 0}
--- !u!1 &783495831852516282
GameObject:
  m_ObjectHideFlags: 0
  m_CorrespondingSourceObject: {fileID: 0}
  m_PrefabInstance: {fileID: 0}
  m_PrefabAsset: {fileID: 0}
  serializedVersion: 6
  m_Component:
  - component: {fileID: 748329367374787022}
  - component: {fileID: 3728582272487148620}
  m_Layer: 0
  m_Name: Character_Male_Hoodie
  m_TagString: Untagged
  m_Icon: {fileID: 0}
  m_NavMeshLayer: 0
  m_StaticEditorFlags: 0
  m_IsActive: 0
--- !u!4 &748329367374787022
Transform:
  m_ObjectHideFlags: 0
  m_CorrespondingSourceObject: {fileID: 0}
  m_PrefabInstance: {fileID: 0}
  m_PrefabAsset: {fileID: 0}
  m_GameObject: {fileID: 783495831852516282}
  m_LocalRotation: {x: 0, y: -0, z: -0, w: 1}
  m_LocalPosition: {x: -0, y: 0, z: 0}
  m_LocalScale: {x: 1, y: 1, z: 1}
  m_Children: []
  m_Father: {fileID: 7439648359383365923}
  m_RootOrder: 6
  m_LocalEulerAnglesHint: {x: 0, y: 0, z: 0}
--- !u!137 &3728582272487148620
SkinnedMeshRenderer:
  m_ObjectHideFlags: 0
  m_CorrespondingSourceObject: {fileID: 0}
  m_PrefabInstance: {fileID: 0}
  m_PrefabAsset: {fileID: 0}
  m_GameObject: {fileID: 783495831852516282}
  m_Enabled: 1
  m_CastShadows: 1
  m_ReceiveShadows: 1
  m_DynamicOccludee: 1
  m_MotionVectors: 1
  m_LightProbeUsage: 1
  m_ReflectionProbeUsage: 1
  m_RenderingLayerMask: 1
  m_RendererPriority: 0
  m_Materials:
  - {fileID: 2100000, guid: 62e25ef75a2216f418d06453c9ad15cb, type: 2}
  m_StaticBatchInfo:
    firstSubMesh: 0
    subMeshCount: 0
  m_StaticBatchRoot: {fileID: 0}
  m_ProbeAnchor: {fileID: 0}
  m_LightProbeVolumeOverride: {fileID: 0}
  m_ScaleInLightmap: 1
  m_PreserveUVs: 0
  m_IgnoreNormalsForChartDetection: 0
  m_ImportantGI: 0
  m_StitchLightmapSeams: 0
  m_SelectedEditorRenderState: 3
  m_MinimumChartSize: 4
  m_AutoUVMaxDistance: 0.5
  m_AutoUVMaxAngle: 89
  m_LightmapParameters: {fileID: 0}
  m_SortingLayerID: 0
  m_SortingLayer: 0
  m_SortingOrder: 0
  serializedVersion: 2
  m_Quality: 0
  m_UpdateWhenOffscreen: 0
  m_SkinnedMotionVectors: 1
  m_Mesh: {fileID: 4300006, guid: 91028badc63f59f43a9c5bda64fbd608, type: 3}
  m_Bones:
  - {fileID: 1762658652380419769}
  - {fileID: 4661888623762284337}
  - {fileID: 6761035649266330117}
  - {fileID: 8703031531247233422}
  - {fileID: 4339866809122655310}
  - {fileID: 6406467525343438639}
  - {fileID: 1052037480182516448}
  - {fileID: 8922692719002647421}
  - {fileID: 9056378177501550759}
  - {fileID: 203548941565094727}
  - {fileID: 2373252568502670634}
  - {fileID: 2562555563051093032}
  - {fileID: 1762340860311659846}
  - {fileID: 5579278736517540212}
  - {fileID: 3008678504867015277}
  - {fileID: 1487817700558092907}
  - {fileID: 5430418087523512699}
  - {fileID: 1864303495030134351}
  - {fileID: 1430494140457969357}
  - {fileID: 7116307433377907059}
  - {fileID: 6153652652088448964}
  - {fileID: 9106847241044692015}
  - {fileID: 814622536354119123}
  - {fileID: 6529951840043480764}
  - {fileID: 8498279164275622379}
  - {fileID: 6579830936620190776}
  - {fileID: 2980244174022136790}
  - {fileID: 5357330105052557094}
  - {fileID: 3247036953203251672}
  - {fileID: 6072342910731577661}
  - {fileID: 8978221689059106337}
  - {fileID: 6884504502324804384}
  - {fileID: 4268754028628769232}
  - {fileID: 7824077230226239858}
  - {fileID: 8322727422198410141}
  - {fileID: 3813615215859414961}
  - {fileID: 776661988933308832}
  - {fileID: 863241487252242241}
  - {fileID: 7278012945438142304}
  - {fileID: 1595200372034752378}
  - {fileID: 9122882390688806277}
  - {fileID: 2985359937478011326}
  - {fileID: 2047759973497733682}
  - {fileID: 3997102070692315880}
  - {fileID: 4863562639406732658}
  - {fileID: 8233712461762303587}
  - {fileID: 8218564501121211250}
  - {fileID: 8579948777923850479}
  - {fileID: 7941449125788041478}
  m_BlendShapeWeights: []
  m_RootBone: {fileID: 1762658652380419769}
  m_AABB:
    m_Center: {x: -0.000000059604645, y: 0.8566229, z: -0.07927868}
    m_Extent: {x: 1.024559, y: 0.95474786, z: 0.27308998}
  m_DirtyAABB: 0
--- !u!1 &825292756085887391
GameObject:
  m_ObjectHideFlags: 0
  m_CorrespondingSourceObject: {fileID: 0}
  m_PrefabInstance: {fileID: 0}
  m_PrefabAsset: {fileID: 0}
  serializedVersion: 6
  m_Component:
  - component: {fileID: 9106847241044692015}
  m_Layer: 0
  m_Name: Finger_02
  m_TagString: Untagged
  m_Icon: {fileID: 0}
  m_NavMeshLayer: 0
  m_StaticEditorFlags: 0
  m_IsActive: 1
--- !u!4 &9106847241044692015
Transform:
  m_ObjectHideFlags: 0
  m_CorrespondingSourceObject: {fileID: 0}
  m_PrefabInstance: {fileID: 0}
  m_PrefabAsset: {fileID: 0}
  m_GameObject: {fileID: 825292756085887391}
  m_LocalRotation: {x: 0.0026372706, y: 0.019492026, z: 0.02126933, w: 0.99958026}
  m_LocalPosition: {x: -0.042488147, y: -1.0581813e-17, z: -8.326672e-18}
  m_LocalScale: {x: 1, y: 1, z: 1}
  m_Children:
  - {fileID: 814622536354119123}
  m_Father: {fileID: 6153652652088448964}
  m_RootOrder: 0
  m_LocalEulerAnglesHint: {x: 0, y: 0, z: 0}
--- !u!1 &931652360758567313
GameObject:
  m_ObjectHideFlags: 0
  m_CorrespondingSourceObject: {fileID: 0}
  m_PrefabInstance: {fileID: 0}
  m_PrefabAsset: {fileID: 0}
  serializedVersion: 6
  m_Component:
  - component: {fileID: 6579830936620190776}
  m_Layer: 0
  m_Name: Shoulder_R
  m_TagString: Untagged
  m_Icon: {fileID: 0}
  m_NavMeshLayer: 0
  m_StaticEditorFlags: 0
  m_IsActive: 1
--- !u!4 &6579830936620190776
Transform:
  m_ObjectHideFlags: 0
  m_CorrespondingSourceObject: {fileID: 0}
  m_PrefabInstance: {fileID: 0}
  m_PrefabAsset: {fileID: 0}
  m_GameObject: {fileID: 931652360758567313}
  m_LocalRotation: {x: 0.0113281235, y: 0.23685996, z: 0.03380652, w: 0.9708894}
  m_LocalPosition: {x: 0.1319786, y: 0.0000064733913, z: 0.000000047353424}
  m_LocalScale: {x: 1, y: 1, z: 1}
  m_Children:
  - {fileID: 2980244174022136790}
  m_Father: {fileID: 8498279164275622379}
  m_RootOrder: 0
  m_LocalEulerAnglesHint: {x: 0, y: 0, z: 0}
--- !u!1 &1287970224694221235
GameObject:
  m_ObjectHideFlags: 0
  m_CorrespondingSourceObject: {fileID: 0}
  m_PrefabInstance: {fileID: 0}
  m_PrefabAsset: {fileID: 0}
  serializedVersion: 6
  m_Component:
  - component: {fileID: 6406467525343438639}
  m_Layer: 0
  m_Name: Neck
  m_TagString: Untagged
  m_Icon: {fileID: 0}
  m_NavMeshLayer: 0
  m_StaticEditorFlags: 0
  m_IsActive: 1
--- !u!4 &6406467525343438639
Transform:
  m_ObjectHideFlags: 0
  m_CorrespondingSourceObject: {fileID: 0}
  m_PrefabInstance: {fileID: 0}
  m_PrefabAsset: {fileID: 0}
  m_GameObject: {fileID: 1287970224694221235}
  m_LocalRotation: {x: -3.8566737e-17, y: 1.2974193e-15, z: 0.04173335, w: 0.9991288}
  m_LocalPosition: {x: -0.111889675, y: -6.661338e-18, z: -4.6244128e-17}
  m_LocalScale: {x: 1, y: 1, z: 1}
  m_Children:
  - {fileID: 1052037480182516448}
  m_Father: {fileID: 4339866809122655310}
  m_RootOrder: 2
  m_LocalEulerAnglesHint: {x: 0, y: 0, z: 0}
--- !u!1 &1475556448794259989
GameObject:
  m_ObjectHideFlags: 0
  m_CorrespondingSourceObject: {fileID: 0}
  m_PrefabInstance: {fileID: 0}
  m_PrefabAsset: {fileID: 0}
  serializedVersion: 6
  m_Component:
  - component: {fileID: 7278012945438142304}
  m_Layer: 0
  m_Name: Finger_04 1
  m_TagString: Untagged
  m_Icon: {fileID: 0}
  m_NavMeshLayer: 0
  m_StaticEditorFlags: 0
  m_IsActive: 1
--- !u!4 &7278012945438142304
Transform:
  m_ObjectHideFlags: 0
  m_CorrespondingSourceObject: {fileID: 0}
  m_PrefabInstance: {fileID: 0}
  m_PrefabAsset: {fileID: 0}
  m_GameObject: {fileID: 1475556448794259989}
  m_LocalRotation: {x: 0.01664637, y: 0.096525334, z: -0.16913006, w: 0.98071444}
  m_LocalPosition: {x: 0.03003113, y: 0.0000011334713, z: 0.0000003591099}
  m_LocalScale: {x: 1, y: 1, z: 1}
  m_Children: []
  m_Father: {fileID: 863241487252242241}
  m_RootOrder: 0
  m_LocalEulerAnglesHint: {x: 0, y: 0, z: 0}
--- !u!1 &1606497644428516899
GameObject:
  m_ObjectHideFlags: 0
  m_CorrespondingSourceObject: {fileID: 0}
  m_PrefabInstance: {fileID: 0}
  m_PrefabAsset: {fileID: 0}
  serializedVersion: 6
  m_Component:
  - component: {fileID: 1052037480182516448}
  m_Layer: 0
  m_Name: Head
  m_TagString: Untagged
  m_Icon: {fileID: 0}
  m_NavMeshLayer: 0
  m_StaticEditorFlags: 0
  m_IsActive: 1
--- !u!4 &1052037480182516448
Transform:
  m_ObjectHideFlags: 0
  m_CorrespondingSourceObject: {fileID: 0}
  m_PrefabInstance: {fileID: 0}
  m_PrefabAsset: {fileID: 0}
  m_GameObject: {fileID: 1606497644428516899}
  m_LocalRotation: {x: 0.458571, y: -0.5382496, z: 0.458571, w: 0.5382496}
  m_LocalPosition: {x: -0.12164435, y: -1.5099033e-16, z: -5.059176e-17}
  m_LocalScale: {x: 1, y: 1, z: 1}
  m_Children:
  - {fileID: 9056378177501550759}
  - {fileID: 8922692719002647421}
  m_Father: {fileID: 6406467525343438639}
  m_RootOrder: 0
  m_LocalEulerAnglesHint: {x: 0, y: 0, z: 0}
--- !u!1 &1858844263103775536
GameObject:
  m_ObjectHideFlags: 0
  m_CorrespondingSourceObject: {fileID: 0}
  m_PrefabInstance: {fileID: 0}
  m_PrefabAsset: {fileID: 0}
  serializedVersion: 6
  m_Component:
  - component: {fileID: 2373252568502670634}
  m_Layer: 0
  m_Name: Shoulder_L
  m_TagString: Untagged
  m_Icon: {fileID: 0}
  m_NavMeshLayer: 0
  m_StaticEditorFlags: 0
  m_IsActive: 1
--- !u!4 &2373252568502670634
Transform:
  m_ObjectHideFlags: 0
  m_CorrespondingSourceObject: {fileID: 0}
  m_PrefabInstance: {fileID: 0}
  m_PrefabAsset: {fileID: 0}
  m_GameObject: {fileID: 1858844263103775536}
  m_LocalRotation: {x: 0.0113281235, y: 0.23685996, z: 0.03380652, w: 0.9708894}
  m_LocalPosition: {x: -0.13197872, y: -4.857226e-19, z: -2.6645352e-17}
  m_LocalScale: {x: 1, y: 1, z: 1}
  m_Children:
  - {fileID: 2562555563051093032}
  m_Father: {fileID: 203548941565094727}
  m_RootOrder: 0
  m_LocalEulerAnglesHint: {x: 0, y: 0, z: 0}
--- !u!1 &2292688464774297173
GameObject:
  m_ObjectHideFlags: 0
  m_CorrespondingSourceObject: {fileID: 0}
  m_PrefabInstance: {fileID: 0}
  m_PrefabAsset: {fileID: 0}
  serializedVersion: 6
  m_Component:
  - component: {fileID: 3997102070692315880}
  m_Layer: 0
  m_Name: Toes_R
  m_TagString: Untagged
  m_Icon: {fileID: 0}
  m_NavMeshLayer: 0
  m_StaticEditorFlags: 0
  m_IsActive: 1
--- !u!4 &3997102070692315880
Transform:
  m_ObjectHideFlags: 0
  m_CorrespondingSourceObject: {fileID: 0}
  m_PrefabInstance: {fileID: 0}
  m_PrefabAsset: {fileID: 0}
  m_GameObject: {fileID: 2292688464774297173}
  m_LocalRotation: {x: 1.8856444e-14, y: -0.7071068, z: 1.8856444e-14, w: 0.7071068}
  m_LocalPosition: {x: -0.07295756, y: 2.040087e-18, z: 3.4087125e-18}
  m_LocalScale: {x: 1, y: 1, z: 1}
  m_Children: []
  m_Father: {fileID: 2047759973497733682}
  m_RootOrder: 0
  m_LocalEulerAnglesHint: {x: 0, y: 0, z: 0}
--- !u!1 &2320940351514858065
GameObject:
  m_ObjectHideFlags: 0
  m_CorrespondingSourceObject: {fileID: 0}
  m_PrefabInstance: {fileID: 0}
  m_PrefabAsset: {fileID: 0}
  serializedVersion: 6
  m_Component:
  - component: {fileID: 203548941565094727}
  m_Layer: 0
  m_Name: Clavicle_L
  m_TagString: Untagged
  m_Icon: {fileID: 0}
  m_NavMeshLayer: 0
  m_StaticEditorFlags: 0
  m_IsActive: 1
--- !u!4 &203548941565094727
Transform:
  m_ObjectHideFlags: 0
  m_CorrespondingSourceObject: {fileID: 0}
  m_PrefabInstance: {fileID: 0}
  m_PrefabAsset: {fileID: 0}
  m_GameObject: {fileID: 2320940351514858065}
  m_LocalRotation: {x: -0.5785476, y: 0.6324858, z: -0.35251346, w: -0.37547132}
  m_LocalPosition: {x: -0.058011726, y: -0.041914478, z: -0.07447154}
  m_LocalScale: {x: 1, y: 1, z: 1}
  m_Children:
  - {fileID: 2373252568502670634}
  m_Father: {fileID: 4339866809122655310}
  m_RootOrder: 0
  m_LocalEulerAnglesHint: {x: 0, y: 0, z: 0}
--- !u!1 &2487905415897707404
GameObject:
  m_ObjectHideFlags: 0
  m_CorrespondingSourceObject: {fileID: 0}
  m_PrefabInstance: {fileID: 0}
  m_PrefabAsset: {fileID: 0}
  serializedVersion: 6
  m_Component:
  - component: {fileID: 1595200372034752378}
  m_Layer: 0
  m_Name: UpperLeg_R
  m_TagString: Untagged
  m_Icon: {fileID: 0}
  m_NavMeshLayer: 0
  m_StaticEditorFlags: 0
  m_IsActive: 1
--- !u!4 &1595200372034752378
Transform:
  m_ObjectHideFlags: 0
  m_CorrespondingSourceObject: {fileID: 0}
  m_PrefabInstance: {fileID: 0}
  m_PrefabAsset: {fileID: 0}
  m_GameObject: {fileID: 2487905415897707404}
  m_LocalRotation: {x: 0.04177524, y: 0.7058717, z: -0.70419, w: -0.06415935}
  m_LocalPosition: {x: 0.041157685, y: -0.026920697, z: -0.09896705}
  m_LocalScale: {x: 1, y: 1, z: 1}
  m_Children:
  - {fileID: 9122882390688806277}
  m_Father: {fileID: 4661888623762284337}
  m_RootOrder: 2
  m_LocalEulerAnglesHint: {x: 0, y: 0, z: 0}
--- !u!1 &2667898665794545327
GameObject:
  m_ObjectHideFlags: 0
  m_CorrespondingSourceObject: {fileID: 0}
  m_PrefabInstance: {fileID: 0}
  m_PrefabAsset: {fileID: 0}
  serializedVersion: 6
  m_Component:
  - component: {fileID: 6761035649266330117}
  m_Layer: 0
  m_Name: Spine_01
  m_TagString: Untagged
  m_Icon: {fileID: 0}
  m_NavMeshLayer: 0
  m_StaticEditorFlags: 0
  m_IsActive: 1
--- !u!4 &6761035649266330117
Transform:
  m_ObjectHideFlags: 0
  m_CorrespondingSourceObject: {fileID: 0}
  m_PrefabInstance: {fileID: 0}
  m_PrefabAsset: {fileID: 0}
  m_GameObject: {fileID: 2667898665794545327}
  m_LocalRotation: {x: 0.9950197, y: -0.09967895, z: 1.3224718e-15, w: 7.094358e-17}
  m_LocalPosition: {x: -0.10393265, y: 1.3322676e-17, z: 4.6155368e-17}
  m_LocalScale: {x: 1, y: 1, z: 1}
  m_Children:
  - {fileID: 8703031531247233422}
  m_Father: {fileID: 4661888623762284337}
  m_RootOrder: 0
  m_LocalEulerAnglesHint: {x: 0, y: 0, z: 0}
--- !u!1 &2679349758786902551
GameObject:
  m_ObjectHideFlags: 0
  m_CorrespondingSourceObject: {fileID: 0}
  m_PrefabInstance: {fileID: 0}
  m_PrefabAsset: {fileID: 0}
  serializedVersion: 6
  m_Component:
  - component: {fileID: 5430418087523512699}
  m_Layer: 0
  m_Name: IndexFinger_01
  m_TagString: Untagged
  m_Icon: {fileID: 0}
  m_NavMeshLayer: 0
  m_StaticEditorFlags: 0
  m_IsActive: 1
--- !u!4 &5430418087523512699
Transform:
  m_ObjectHideFlags: 0
  m_CorrespondingSourceObject: {fileID: 0}
  m_PrefabInstance: {fileID: 0}
  m_PrefabAsset: {fileID: 0}
  m_GameObject: {fileID: 2679349758786902551}
  m_LocalRotation: {x: 0.00028049533, y: 0.065794446, z: 0.004253931, w: 0.99782413}
  m_LocalPosition: {x: -0.10396561, y: 0.003987151, z: 0.026726495}
  m_LocalScale: {x: 1, y: 1, z: 1}
  m_Children:
  - {fileID: 1864303495030134351}
  m_Father: {fileID: 1762340860311659846}
  m_RootOrder: 1
  m_LocalEulerAnglesHint: {x: 0, y: 0, z: 0}
--- !u!1 &3109358045284481602
GameObject:
  m_ObjectHideFlags: 0
  m_CorrespondingSourceObject: {fileID: 0}
  m_PrefabInstance: {fileID: 0}
  m_PrefabAsset: {fileID: 0}
  serializedVersion: 6
  m_Component:
  - component: {fileID: 3008678504867015277}
  m_Layer: 0
  m_Name: Thumb_02
  m_TagString: Untagged
  m_Icon: {fileID: 0}
  m_NavMeshLayer: 0
  m_StaticEditorFlags: 0
  m_IsActive: 1
--- !u!4 &3008678504867015277
Transform:
  m_ObjectHideFlags: 0
  m_CorrespondingSourceObject: {fileID: 0}
  m_PrefabInstance: {fileID: 0}
  m_PrefabAsset: {fileID: 0}
  m_GameObject: {fileID: 3109358045284481602}
  m_LocalRotation: {x: -0.039942026, y: -0.1178403, z: 0.14163578, w: 0.98206806}
  m_LocalPosition: {x: -0.06370214, y: -6.1062266e-18, z: 4.440892e-18}
  m_LocalScale: {x: 1, y: 1, z: 1}
  m_Children:
  - {fileID: 1487817700558092907}
  m_Father: {fileID: 5579278736517540212}
  m_RootOrder: 0
  m_LocalEulerAnglesHint: {x: 0, y: 0, z: 0}
--- !u!1 &3509430794449558804
GameObject:
  m_ObjectHideFlags: 0
  m_CorrespondingSourceObject: {fileID: 0}
  m_PrefabInstance: {fileID: 0}
  m_PrefabAsset: {fileID: 0}
  serializedVersion: 6
  m_Component:
  - component: {fileID: 8322727422198410141}
  m_Layer: 0
  m_Name: IndexFinger_04 1
  m_TagString: Untagged
  m_Icon: {fileID: 0}
  m_NavMeshLayer: 0
  m_StaticEditorFlags: 0
  m_IsActive: 1
--- !u!4 &8322727422198410141
Transform:
  m_ObjectHideFlags: 0
  m_CorrespondingSourceObject: {fileID: 0}
  m_PrefabInstance: {fileID: 0}
  m_PrefabAsset: {fileID: 0}
  m_GameObject: {fileID: 3509430794449558804}
  m_LocalRotation: {x: -0.0045196484, y: -0.028039929, z: -0.15906802, w: 0.986859}
  m_LocalPosition: {x: 0.037793327, y: -0.0000052657088, z: -0.0000001550738}
  m_LocalScale: {x: 1, y: 1, z: 1}
  m_Children: []
  m_Father: {fileID: 7824077230226239858}
  m_RootOrder: 0
  m_LocalEulerAnglesHint: {x: 0, y: 0, z: 0}
--- !u!1 &3658503393595831437
GameObject:
  m_ObjectHideFlags: 0
  m_CorrespondingSourceObject: {fileID: 0}
  m_PrefabInstance: {fileID: 0}
  m_PrefabAsset: {fileID: 0}
  serializedVersion: 6
  m_Component:
  - component: {fileID: 1430494140457969357}
  m_Layer: 0
  m_Name: IndexFinger_03
  m_TagString: Untagged
  m_Icon: {fileID: 0}
  m_NavMeshLayer: 0
  m_StaticEditorFlags: 0
  m_IsActive: 1
--- !u!4 &1430494140457969357
Transform:
  m_ObjectHideFlags: 0
  m_CorrespondingSourceObject: {fileID: 0}
  m_PrefabInstance: {fileID: 0}
  m_PrefabAsset: {fileID: 0}
  m_GameObject: {fileID: 3658503393595831437}
  m_LocalRotation: {x: -0.006912195, y: -0.025717413, z: 0.057002407, w: 0.9980188}
  m_LocalPosition: {x: -0.03791188, y: -2.1461998e-16, z: -3.8302694e-17}
  m_LocalScale: {x: 1, y: 1, z: 1}
  m_Children:
  - {fileID: 7116307433377907059}
  m_Father: {fileID: 1864303495030134351}
  m_RootOrder: 0
  m_LocalEulerAnglesHint: {x: 0, y: 0, z: 0}
--- !u!1 &3824815823437881672
GameObject:
  m_ObjectHideFlags: 0
  m_CorrespondingSourceObject: {fileID: 0}
  m_PrefabInstance: {fileID: 0}
  m_PrefabAsset: {fileID: 0}
  serializedVersion: 6
  m_Component:
  - component: {fileID: 6072342910731577661}
  m_Layer: 0
  m_Name: Thumb_02 1
  m_TagString: Untagged
  m_Icon: {fileID: 0}
  m_NavMeshLayer: 0
  m_StaticEditorFlags: 0
  m_IsActive: 1
--- !u!4 &6072342910731577661
Transform:
  m_ObjectHideFlags: 0
  m_CorrespondingSourceObject: {fileID: 0}
  m_PrefabInstance: {fileID: 0}
  m_PrefabAsset: {fileID: 0}
  m_GameObject: {fileID: 3824815823437881672}
  m_LocalRotation: {x: -0.039942026, y: -0.1178403, z: 0.14163578, w: 0.98206806}
  m_LocalPosition: {x: 0.06370146, y: -0.000007811825, z: 0.00000043638116}
  m_LocalScale: {x: 1, y: 1, z: 1}
  m_Children:
  - {fileID: 8978221689059106337}
  m_Father: {fileID: 3247036953203251672}
  m_RootOrder: 0
  m_LocalEulerAnglesHint: {x: 0, y: 0, z: 0}
--- !u!1 &3914352703891817611
GameObject:
  m_ObjectHideFlags: 0
  m_CorrespondingSourceObject: {fileID: 0}
  m_PrefabInstance: {fileID: 0}
  m_PrefabAsset: {fileID: 0}
  serializedVersion: 6
  m_Component:
  - component: {fileID: 7941449125788041478}
  m_Layer: 0
  m_Name: Toes_L
  m_TagString: Untagged
  m_Icon: {fileID: 0}
  m_NavMeshLayer: 0
  m_StaticEditorFlags: 0
  m_IsActive: 1
--- !u!4 &7941449125788041478
Transform:
  m_ObjectHideFlags: 0
  m_CorrespondingSourceObject: {fileID: 0}
  m_PrefabInstance: {fileID: 0}
  m_PrefabAsset: {fileID: 0}
  m_GameObject: {fileID: 3914352703891817611}
  m_LocalRotation: {x: -2.7376528e-13, y: -0.7071068, z: -2.7376528e-13, w: 0.7071068}
  m_LocalPosition: {x: 0.0729575, y: 2.6645352e-17, z: 1.7763568e-17}
  m_LocalScale: {x: 1, y: 1, z: 1}
  m_Children: []
  m_Father: {fileID: 8579948777923850479}
  m_RootOrder: 0
  m_LocalEulerAnglesHint: {x: 0, y: 0, z: 0}
--- !u!1 &4087090847468183156
GameObject:
  m_ObjectHideFlags: 0
  m_CorrespondingSourceObject: {fileID: 0}
  m_PrefabInstance: {fileID: 0}
  m_PrefabAsset: {fileID: 0}
  serializedVersion: 6
  m_Component:
  - component: {fileID: 4725444235199471848}
  - component: {fileID: 3360347829922710994}
  m_Layer: 0
  m_Name: Character_BusinessWoman
  m_TagString: Untagged
  m_Icon: {fileID: 0}
  m_NavMeshLayer: 0
  m_StaticEditorFlags: 0
  m_IsActive: 1
--- !u!4 &4725444235199471848
Transform:
  m_ObjectHideFlags: 0
  m_CorrespondingSourceObject: {fileID: 0}
  m_PrefabInstance: {fileID: 0}
  m_PrefabAsset: {fileID: 0}
  m_GameObject: {fileID: 4087090847468183156}
  m_LocalRotation: {x: 0, y: -0, z: -0, w: 1}
  m_LocalPosition: {x: -0, y: 0, z: -11.7}
  m_LocalScale: {x: 1, y: 1, z: 1}
  m_Children: []
  m_Father: {fileID: 7439648359383365923}
  m_RootOrder: 2
  m_LocalEulerAnglesHint: {x: 0, y: 0, z: 0}
--- !u!137 &3360347829922710994
SkinnedMeshRenderer:
  m_ObjectHideFlags: 0
  m_CorrespondingSourceObject: {fileID: 0}
  m_PrefabInstance: {fileID: 0}
  m_PrefabAsset: {fileID: 0}
  m_GameObject: {fileID: 4087090847468183156}
  m_Enabled: 1
  m_CastShadows: 1
  m_ReceiveShadows: 1
  m_DynamicOccludee: 1
  m_MotionVectors: 1
  m_LightProbeUsage: 1
  m_ReflectionProbeUsage: 1
  m_RenderingLayerMask: 1
  m_RendererPriority: 0
  m_Materials:
  - {fileID: 2100000, guid: 62e25ef75a2216f418d06453c9ad15cb, type: 2}
  m_StaticBatchInfo:
    firstSubMesh: 0
    subMeshCount: 0
  m_StaticBatchRoot: {fileID: 0}
  m_ProbeAnchor: {fileID: 0}
  m_LightProbeVolumeOverride: {fileID: 0}
  m_ScaleInLightmap: 1
  m_PreserveUVs: 0
  m_IgnoreNormalsForChartDetection: 0
  m_ImportantGI: 0
  m_StitchLightmapSeams: 0
  m_SelectedEditorRenderState: 3
  m_MinimumChartSize: 4
  m_AutoUVMaxDistance: 0.5
  m_AutoUVMaxAngle: 89
  m_LightmapParameters: {fileID: 0}
  m_SortingLayerID: 0
  m_SortingLayer: 0
  m_SortingOrder: 0
  serializedVersion: 2
  m_Quality: 0
  m_UpdateWhenOffscreen: 0
  m_SkinnedMotionVectors: 1
  m_Mesh: {fileID: 4300012, guid: 91028badc63f59f43a9c5bda64fbd608, type: 3}
  m_Bones:
  - {fileID: 1762658652380419769}
  - {fileID: 4661888623762284337}
  - {fileID: 6761035649266330117}
  - {fileID: 8703031531247233422}
  - {fileID: 4339866809122655310}
  - {fileID: 6406467525343438639}
  - {fileID: 1052037480182516448}
  - {fileID: 8922692719002647421}
  - {fileID: 9056378177501550759}
  - {fileID: 203548941565094727}
  - {fileID: 2373252568502670634}
  - {fileID: 2562555563051093032}
  - {fileID: 1762340860311659846}
  - {fileID: 5579278736517540212}
  - {fileID: 3008678504867015277}
  - {fileID: 1487817700558092907}
  - {fileID: 5430418087523512699}
  - {fileID: 1864303495030134351}
  - {fileID: 1430494140457969357}
  - {fileID: 7116307433377907059}
  - {fileID: 6153652652088448964}
  - {fileID: 9106847241044692015}
  - {fileID: 814622536354119123}
  - {fileID: 6529951840043480764}
  - {fileID: 8498279164275622379}
  - {fileID: 6579830936620190776}
  - {fileID: 2980244174022136790}
  - {fileID: 5357330105052557094}
  - {fileID: 3247036953203251672}
  - {fileID: 6072342910731577661}
  - {fileID: 8978221689059106337}
  - {fileID: 6884504502324804384}
  - {fileID: 4268754028628769232}
  - {fileID: 7824077230226239858}
  - {fileID: 8322727422198410141}
  - {fileID: 3813615215859414961}
  - {fileID: 776661988933308832}
  - {fileID: 863241487252242241}
  - {fileID: 7278012945438142304}
  - {fileID: 1595200372034752378}
  - {fileID: 9122882390688806277}
  - {fileID: 2985359937478011326}
  - {fileID: 2047759973497733682}
  - {fileID: 3997102070692315880}
  - {fileID: 4863562639406732658}
  - {fileID: 8233712461762303587}
  - {fileID: 8218564501121211250}
  - {fileID: 8579948777923850479}
  - {fileID: 7941449125788041478}
  m_BlendShapeWeights: []
  m_RootBone: {fileID: 1762658652380419769}
  m_AABB:
    m_Center: {x: 0.000000059604645, y: 0.86185795, z: -0.05439441}
    m_Extent: {x: 1.0212011, y: 0.959963, z: 0.24934272}
  m_DirtyAABB: 0
--- !u!1 &4106325557968196763
GameObject:
  m_ObjectHideFlags: 0
  m_CorrespondingSourceObject: {fileID: 0}
  m_PrefabInstance: {fileID: 0}
  m_PrefabAsset: {fileID: 0}
  serializedVersion: 6
  m_Component:
  - component: {fileID: 3813615215859414961}
  m_Layer: 0
  m_Name: Finger_01 1
  m_TagString: Untagged
  m_Icon: {fileID: 0}
  m_NavMeshLayer: 0
  m_StaticEditorFlags: 0
  m_IsActive: 1
--- !u!4 &3813615215859414961
Transform:
  m_ObjectHideFlags: 0
  m_CorrespondingSourceObject: {fileID: 0}
  m_PrefabInstance: {fileID: 0}
  m_PrefabAsset: {fileID: 0}
  m_GameObject: {fileID: 4106325557968196763}
  m_LocalRotation: {x: -0.0024864315, y: -0.043879747, z: 0.056519255, w: 0.9974337}
  m_LocalPosition: {x: 0.099825, y: 0.00116, z: 0.032833397}
  m_LocalScale: {x: 1, y: 1, z: 1}
  m_Children:
  - {fileID: 776661988933308832}
  m_Father: {fileID: 5357330105052557094}
  m_RootOrder: 0
  m_LocalEulerAnglesHint: {x: 0, y: 0, z: 0}
--- !u!1 &4190880700013856422
GameObject:
  m_ObjectHideFlags: 0
  m_CorrespondingSourceObject: {fileID: 0}
  m_PrefabInstance: {fileID: 0}
  m_PrefabAsset: {fileID: 0}
  serializedVersion: 6
  m_Component:
  - component: {fileID: 3247036953203251672}
  m_Layer: 0
  m_Name: Thumb_01 1
  m_TagString: Untagged
  m_Icon: {fileID: 0}
  m_NavMeshLayer: 0
  m_StaticEditorFlags: 0
  m_IsActive: 1
--- !u!4 &3247036953203251672
Transform:
  m_ObjectHideFlags: 0
  m_CorrespondingSourceObject: {fileID: 0}
  m_PrefabInstance: {fileID: 0}
  m_PrefabAsset: {fileID: 0}
  m_GameObject: {fileID: 4190880700013856422}
  m_LocalRotation: {x: 0.025480643, y: 0.27684274, z: 0.08803956, w: 0.9565343}
  m_LocalPosition: {x: 0.03514, y: 0.01171, z: -0.045055397}
  m_LocalScale: {x: 1, y: 1, z: 1}
  m_Children:
  - {fileID: 6072342910731577661}
  m_Father: {fileID: 5357330105052557094}
  m_RootOrder: 2
  m_LocalEulerAnglesHint: {x: 0, y: 0, z: 0}
--- !u!1 &4582482805310289869
GameObject:
  m_ObjectHideFlags: 0
  m_CorrespondingSourceObject: {fileID: 0}
  m_PrefabInstance: {fileID: 0}
  m_PrefabAsset: {fileID: 0}
  serializedVersion: 6
  m_Component:
  - component: {fileID: 1769873726357595352}
  - component: {fileID: 1931913399775224075}
  m_Layer: 0
  m_Name: Character_camera
  m_TagString: Untagged
  m_Icon: {fileID: 0}
  m_NavMeshLayer: 0
  m_StaticEditorFlags: 0
  m_IsActive: 1
--- !u!4 &1769873726357595352
Transform:
  m_ObjectHideFlags: 0
  m_CorrespondingSourceObject: {fileID: 0}
  m_PrefabInstance: {fileID: 0}
  m_PrefabAsset: {fileID: 0}
  m_GameObject: {fileID: 4582482805310289869}
  m_LocalRotation: {x: -0, y: 1, z: -0, w: 0}
  m_LocalPosition: {x: 0, y: 1.5, z: 0.7}
  m_LocalScale: {x: 1, y: 1, z: 1}
  m_Children: []
  m_Father: {fileID: 7439648359383365923}
  m_RootOrder: 10
  m_LocalEulerAnglesHint: {x: 0, y: 180, z: 0}
--- !u!20 &1931913399775224075
Camera:
  m_ObjectHideFlags: 0
  m_CorrespondingSourceObject: {fileID: 0}
  m_PrefabInstance: {fileID: 0}
  m_PrefabAsset: {fileID: 0}
  m_GameObject: {fileID: 4582482805310289869}
  m_Enabled: 1
  serializedVersion: 2
  m_ClearFlags: 1
  m_BackGroundColor: {r: 0.19215687, g: 0.3019608, b: 0.4745098, a: 0}
  m_projectionMatrixMode: 1
  m_SensorSize: {x: 36, y: 24}
  m_LensShift: {x: 0, y: 0}
  m_GateFitMode: 2
  m_FocalLength: 50
  m_NormalizedViewPortRect:
    serializedVersion: 2
    x: 0
    y: 0
    width: 1
    height: 1
  near clip plane: 0.3
  far clip plane: 1000
  field of view: 60
  orthographic: 0
  orthographic size: 5
  m_Depth: 0
  m_CullingMask:
    serializedVersion: 2
    m_Bits: 4294967295
  m_RenderingPath: -1
  m_TargetTexture: {fileID: 8400000, guid: 67ffd1ef7e10c49d8950e294955ab116, type: 2}
  m_TargetDisplay: 0
  m_TargetEye: 3
  m_HDR: 1
  m_AllowMSAA: 1
  m_AllowDynamicResolution: 0
  m_ForceIntoRT: 0
  m_OcclusionCulling: 1
  m_StereoConvergence: 10
  m_StereoSeparation: 0.022
--- !u!1 &4759533111159427198
GameObject:
  m_ObjectHideFlags: 0
  m_CorrespondingSourceObject: {fileID: 0}
  m_PrefabInstance: {fileID: 0}
  m_PrefabAsset: {fileID: 0}
  serializedVersion: 6
  m_Component:
  - component: {fileID: 5953541127577058244}
  - component: {fileID: 7556149118720210195}
  m_Layer: 0
  m_Name: Character_Female_Jacket
  m_TagString: Untagged
  m_Icon: {fileID: 0}
  m_NavMeshLayer: 0
  m_StaticEditorFlags: 0
  m_IsActive: 0
--- !u!4 &5953541127577058244
Transform:
  m_ObjectHideFlags: 0
  m_CorrespondingSourceObject: {fileID: 0}
  m_PrefabInstance: {fileID: 0}
  m_PrefabAsset: {fileID: 0}
  m_GameObject: {fileID: 4759533111159427198}
  m_LocalRotation: {x: 0, y: -0, z: -0, w: 1}
  m_LocalPosition: {x: -0, y: 0, z: 0}
  m_LocalScale: {x: 1, y: 1, z: 1}
  m_Children: []
  m_Father: {fileID: 7439648359383365923}
  m_RootOrder: 4
  m_LocalEulerAnglesHint: {x: 0, y: 0, z: 0}
--- !u!137 &7556149118720210195
SkinnedMeshRenderer:
  m_ObjectHideFlags: 0
  m_CorrespondingSourceObject: {fileID: 0}
  m_PrefabInstance: {fileID: 0}
  m_PrefabAsset: {fileID: 0}
  m_GameObject: {fileID: 4759533111159427198}
  m_Enabled: 1
  m_CastShadows: 1
  m_ReceiveShadows: 1
  m_DynamicOccludee: 1
  m_MotionVectors: 1
  m_LightProbeUsage: 1
  m_ReflectionProbeUsage: 1
  m_RenderingLayerMask: 1
  m_RendererPriority: 0
  m_Materials:
  - {fileID: 2100000, guid: 62e25ef75a2216f418d06453c9ad15cb, type: 2}
  m_StaticBatchInfo:
    firstSubMesh: 0
    subMeshCount: 0
  m_StaticBatchRoot: {fileID: 0}
  m_ProbeAnchor: {fileID: 0}
  m_LightProbeVolumeOverride: {fileID: 0}
  m_ScaleInLightmap: 1
  m_PreserveUVs: 0
  m_IgnoreNormalsForChartDetection: 0
  m_ImportantGI: 0
  m_StitchLightmapSeams: 0
  m_SelectedEditorRenderState: 3
  m_MinimumChartSize: 4
  m_AutoUVMaxDistance: 0.5
  m_AutoUVMaxAngle: 89
  m_LightmapParameters: {fileID: 0}
  m_SortingLayerID: 0
  m_SortingLayer: 0
  m_SortingOrder: 0
  serializedVersion: 2
  m_Quality: 0
  m_UpdateWhenOffscreen: 0
  m_SkinnedMotionVectors: 1
  m_Mesh: {fileID: 4300016, guid: 91028badc63f59f43a9c5bda64fbd608, type: 3}
  m_Bones:
  - {fileID: 1762658652380419769}
  - {fileID: 4661888623762284337}
  - {fileID: 6761035649266330117}
  - {fileID: 8703031531247233422}
  - {fileID: 4339866809122655310}
  - {fileID: 6406467525343438639}
  - {fileID: 1052037480182516448}
  - {fileID: 8922692719002647421}
  - {fileID: 9056378177501550759}
  - {fileID: 203548941565094727}
  - {fileID: 2373252568502670634}
  - {fileID: 2562555563051093032}
  - {fileID: 1762340860311659846}
  - {fileID: 5579278736517540212}
  - {fileID: 3008678504867015277}
  - {fileID: 1487817700558092907}
  - {fileID: 5430418087523512699}
  - {fileID: 1864303495030134351}
  - {fileID: 1430494140457969357}
  - {fileID: 7116307433377907059}
  - {fileID: 6153652652088448964}
  - {fileID: 9106847241044692015}
  - {fileID: 814622536354119123}
  - {fileID: 6529951840043480764}
  - {fileID: 8498279164275622379}
  - {fileID: 6579830936620190776}
  - {fileID: 2980244174022136790}
  - {fileID: 5357330105052557094}
  - {fileID: 3247036953203251672}
  - {fileID: 6072342910731577661}
  - {fileID: 8978221689059106337}
  - {fileID: 6884504502324804384}
  - {fileID: 4268754028628769232}
  - {fileID: 7824077230226239858}
  - {fileID: 8322727422198410141}
  - {fileID: 3813615215859414961}
  - {fileID: 776661988933308832}
  - {fileID: 863241487252242241}
  - {fileID: 7278012945438142304}
  - {fileID: 1595200372034752378}
  - {fileID: 9122882390688806277}
  - {fileID: 2985359937478011326}
  - {fileID: 2047759973497733682}
  - {fileID: 3997102070692315880}
  - {fileID: 4863562639406732658}
  - {fileID: 8233712461762303587}
  - {fileID: 8218564501121211250}
  - {fileID: 8579948777923850479}
  - {fileID: 7941449125788041478}
  m_BlendShapeWeights: []
  m_RootBone: {fileID: 1762658652380419769}
  m_AABB:
    m_Center: {x: -0.000000059604645, y: 0.8579422, z: -0.05736664}
    m_Extent: {x: 1.0212021, y: 0.9505966, z: 0.259141}
  m_DirtyAABB: 0
--- !u!1 &4910058036217429286
GameObject:
  m_ObjectHideFlags: 0
  m_CorrespondingSourceObject: {fileID: 0}
  m_PrefabInstance: {fileID: 0}
  m_PrefabAsset: {fileID: 0}
  serializedVersion: 6
  m_Component:
  - component: {fileID: 8922692719002647421}
  m_Layer: 0
  m_Name: Eyes
  m_TagString: Untagged
  m_Icon: {fileID: 0}
  m_NavMeshLayer: 0
  m_StaticEditorFlags: 0
  m_IsActive: 1
--- !u!4 &8922692719002647421
Transform:
  m_ObjectHideFlags: 0
  m_CorrespondingSourceObject: {fileID: 0}
  m_PrefabInstance: {fileID: 0}
  m_PrefabAsset: {fileID: 0}
  m_GameObject: {fileID: 4910058036217429286}
  m_LocalRotation: {x: 0, y: -0, z: -0, w: 1}
  m_LocalPosition: {x: -2.0510383e-31, y: 0.09447606, z: 0.12272215}
  m_LocalScale: {x: 1, y: 1, z: 1}
  m_Children: []
  m_Father: {fileID: 1052037480182516448}
  m_RootOrder: 1
  m_LocalEulerAnglesHint: {x: 0, y: 0, z: 0}
--- !u!1 &4939095237843281066
GameObject:
  m_ObjectHideFlags: 0
  m_CorrespondingSourceObject: {fileID: 0}
  m_PrefabInstance: {fileID: 0}
  m_PrefabAsset: {fileID: 0}
  serializedVersion: 6
  m_Component:
  - component: {fileID: 8589104955465799826}
  - component: {fileID: 3172709983684286069}
  m_Layer: 0
  m_Name: Character_Female_Coat
  m_TagString: Untagged
  m_Icon: {fileID: 0}
  m_NavMeshLayer: 0
  m_StaticEditorFlags: 0
  m_IsActive: 0
--- !u!4 &8589104955465799826
Transform:
  m_ObjectHideFlags: 0
  m_CorrespondingSourceObject: {fileID: 0}
  m_PrefabInstance: {fileID: 0}
  m_PrefabAsset: {fileID: 0}
  m_GameObject: {fileID: 4939095237843281066}
  m_LocalRotation: {x: 0, y: -0, z: -0, w: 1}
  m_LocalPosition: {x: -0, y: 0, z: 0}
  m_LocalScale: {x: 1, y: 1, z: 1}
  m_Children: []
  m_Father: {fileID: 7439648359383365923}
  m_RootOrder: 3
  m_LocalEulerAnglesHint: {x: 0, y: 0, z: 0}
--- !u!137 &3172709983684286069
SkinnedMeshRenderer:
  m_ObjectHideFlags: 0
  m_CorrespondingSourceObject: {fileID: 0}
  m_PrefabInstance: {fileID: 0}
  m_PrefabAsset: {fileID: 0}
  m_GameObject: {fileID: 4939095237843281066}
  m_Enabled: 1
  m_CastShadows: 1
  m_ReceiveShadows: 1
  m_DynamicOccludee: 1
  m_MotionVectors: 1
  m_LightProbeUsage: 1
  m_ReflectionProbeUsage: 1
  m_RenderingLayerMask: 1
  m_RendererPriority: 0
  m_Materials:
  - {fileID: 2100000, guid: 62e25ef75a2216f418d06453c9ad15cb, type: 2}
  m_StaticBatchInfo:
    firstSubMesh: 0
    subMeshCount: 0
  m_StaticBatchRoot: {fileID: 0}
  m_ProbeAnchor: {fileID: 0}
  m_LightProbeVolumeOverride: {fileID: 0}
  m_ScaleInLightmap: 1
  m_PreserveUVs: 0
  m_IgnoreNormalsForChartDetection: 0
  m_ImportantGI: 0
  m_StitchLightmapSeams: 0
  m_SelectedEditorRenderState: 3
  m_MinimumChartSize: 4
  m_AutoUVMaxDistance: 0.5
  m_AutoUVMaxAngle: 89
  m_LightmapParameters: {fileID: 0}
  m_SortingLayerID: 0
  m_SortingLayer: 0
  m_SortingOrder: 0
  serializedVersion: 2
  m_Quality: 0
  m_UpdateWhenOffscreen: 0
  m_SkinnedMotionVectors: 1
  m_Mesh: {fileID: 4300010, guid: 91028badc63f59f43a9c5bda64fbd608, type: 3}
  m_Bones:
  - {fileID: 1762658652380419769}
  - {fileID: 4661888623762284337}
  - {fileID: 6761035649266330117}
  - {fileID: 8703031531247233422}
  - {fileID: 4339866809122655310}
  - {fileID: 6406467525343438639}
  - {fileID: 1052037480182516448}
  - {fileID: 8922692719002647421}
  - {fileID: 9056378177501550759}
  - {fileID: 203548941565094727}
  - {fileID: 2373252568502670634}
  - {fileID: 2562555563051093032}
  - {fileID: 1762340860311659846}
  - {fileID: 5579278736517540212}
  - {fileID: 3008678504867015277}
  - {fileID: 1487817700558092907}
  - {fileID: 5430418087523512699}
  - {fileID: 1864303495030134351}
  - {fileID: 1430494140457969357}
  - {fileID: 7116307433377907059}
  - {fileID: 6153652652088448964}
  - {fileID: 9106847241044692015}
  - {fileID: 814622536354119123}
  - {fileID: 6529951840043480764}
  - {fileID: 8498279164275622379}
  - {fileID: 6579830936620190776}
  - {fileID: 2980244174022136790}
  - {fileID: 5357330105052557094}
  - {fileID: 3247036953203251672}
  - {fileID: 6072342910731577661}
  - {fileID: 8978221689059106337}
  - {fileID: 6884504502324804384}
  - {fileID: 4268754028628769232}
  - {fileID: 7824077230226239858}
  - {fileID: 8322727422198410141}
  - {fileID: 3813615215859414961}
  - {fileID: 776661988933308832}
  - {fileID: 863241487252242241}
  - {fileID: 7278012945438142304}
  - {fileID: 1595200372034752378}
  - {fileID: 9122882390688806277}
  - {fileID: 2985359937478011326}
  - {fileID: 2047759973497733682}
  - {fileID: 3997102070692315880}
  - {fileID: 4863562639406732658}
  - {fileID: 8233712461762303587}
  - {fileID: 8218564501121211250}
  - {fileID: 8579948777923850479}
  - {fileID: 7941449125788041478}
  m_BlendShapeWeights: []
  m_RootBone: {fileID: 1762658652380419769}
  m_AABB:
    m_Center: {x: -0.000000059604645, y: 0.85599923, z: -0.05143781}
    m_Extent: {x: 1.0212035, y: 0.9486451, z: 0.25114858}
  m_DirtyAABB: 0
--- !u!1 &5048675764700875011
GameObject:
  m_ObjectHideFlags: 0
  m_CorrespondingSourceObject: {fileID: 0}
  m_PrefabInstance: {fileID: 0}
  m_PrefabAsset: {fileID: 0}
  serializedVersion: 6
  m_Component:
  - component: {fileID: 6153652652088448964}
  m_Layer: 0
  m_Name: Finger_01
  m_TagString: Untagged
  m_Icon: {fileID: 0}
  m_NavMeshLayer: 0
  m_StaticEditorFlags: 0
  m_IsActive: 1
--- !u!4 &6153652652088448964
Transform:
  m_ObjectHideFlags: 0
  m_CorrespondingSourceObject: {fileID: 0}
  m_PrefabInstance: {fileID: 0}
  m_PrefabAsset: {fileID: 0}
  m_GameObject: {fileID: 5048675764700875011}
  m_LocalRotation: {x: -0.0024864315, y: -0.043879747, z: 0.056519255, w: 0.9974337}
  m_LocalPosition: {x: -0.099825256, y: -0.0011595894, z: -0.0328334}
  m_LocalScale: {x: 1, y: 1, z: 1}
  m_Children:
  - {fileID: 9106847241044692015}
  m_Father: {fileID: 1762340860311659846}
  m_RootOrder: 0
  m_LocalEulerAnglesHint: {x: 0, y: 0, z: 0}
--- !u!1 &5258761374866279385
GameObject:
  m_ObjectHideFlags: 0
  m_CorrespondingSourceObject: {fileID: 0}
  m_PrefabInstance: {fileID: 0}
  m_PrefabAsset: {fileID: 0}
  serializedVersion: 6
  m_Component:
  - component: {fileID: 1762340860311659846}
  m_Layer: 0
  m_Name: Hand_L
  m_TagString: Untagged
  m_Icon: {fileID: 0}
  m_NavMeshLayer: 0
  m_StaticEditorFlags: 0
  m_IsActive: 1
--- !u!4 &1762340860311659846
Transform:
  m_ObjectHideFlags: 0
  m_CorrespondingSourceObject: {fileID: 0}
  m_PrefabInstance: {fileID: 0}
  m_PrefabAsset: {fileID: 0}
  m_GameObject: {fileID: 5258761374866279385}
  m_LocalRotation: {x: -2.4156162e-17, y: -0.035830766, z: 1.6679253e-15, w: 0.9993579}
  m_LocalPosition: {x: -0.27114528, y: 0, z: -0.00038136425}
  m_LocalScale: {x: 1, y: 1, z: 1}
  m_Children:
  - {fileID: 6153652652088448964}
  - {fileID: 5430418087523512699}
  - {fileID: 5579278736517540212}
  m_Father: {fileID: 2562555563051093032}
  m_RootOrder: 0
  m_LocalEulerAnglesHint: {x: 0, y: 0, z: 0}
--- !u!1 &5408299270514310529
GameObject:
  m_ObjectHideFlags: 0
  m_CorrespondingSourceObject: {fileID: 0}
  m_PrefabInstance: {fileID: 0}
  m_PrefabAsset: {fileID: 0}
  serializedVersion: 6
  m_Component:
  - component: {fileID: 1487817700558092907}
  m_Layer: 0
  m_Name: Thumb_03
  m_TagString: Untagged
  m_Icon: {fileID: 0}
  m_NavMeshLayer: 0
  m_StaticEditorFlags: 0
  m_IsActive: 1
--- !u!4 &1487817700558092907
Transform:
  m_ObjectHideFlags: 0
  m_CorrespondingSourceObject: {fileID: 0}
  m_PrefabInstance: {fileID: 0}
  m_PrefabAsset: {fileID: 0}
  m_GameObject: {fileID: 5408299270514310529}
  m_LocalRotation: {x: -0.036403257, y: -0.15203467, z: -0.22999534, w: 0.9605532}
  m_LocalPosition: {x: -0.056655698, y: 2.9115598e-16, z: 3.9968027e-17}
  m_LocalScale: {x: 1, y: 1, z: 1}
  m_Children: []
  m_Father: {fileID: 3008678504867015277}
  m_RootOrder: 0
  m_LocalEulerAnglesHint: {x: 0, y: 0, z: 0}
--- !u!1 &5628506179147933531
GameObject:
  m_ObjectHideFlags: 0
  m_CorrespondingSourceObject: {fileID: 0}
  m_PrefabInstance: {fileID: 0}
  m_PrefabAsset: {fileID: 0}
  serializedVersion: 6
  m_Component:
  - component: {fileID: 2985359937478011326}
  m_Layer: 0
  m_Name: Ankle_R
  m_TagString: Untagged
  m_Icon: {fileID: 0}
  m_NavMeshLayer: 0
  m_StaticEditorFlags: 0
  m_IsActive: 1
--- !u!4 &2985359937478011326
Transform:
  m_ObjectHideFlags: 0
  m_CorrespondingSourceObject: {fileID: 0}
  m_PrefabInstance: {fileID: 0}
  m_PrefabAsset: {fileID: 0}
  m_GameObject: {fileID: 5628506179147933531}
  m_LocalRotation: {x: 0.85767007, y: 0.507213, z: 0.039752707, w: -0.0745436}
  m_LocalPosition: {x: -0.3771235, y: -7.771561e-17, z: 1.6819879e-16}
  m_LocalScale: {x: 1, y: 1, z: 1}
  m_Children:
  - {fileID: 2047759973497733682}
  m_Father: {fileID: 9122882390688806277}
  m_RootOrder: 0
  m_LocalEulerAnglesHint: {x: 0, y: 0, z: 0}
--- !u!1 &6153946469356365674
GameObject:
  m_ObjectHideFlags: 0
  m_CorrespondingSourceObject: {fileID: 0}
  m_PrefabInstance: {fileID: 0}
  m_PrefabAsset: {fileID: 0}
  serializedVersion: 6
  m_Component:
  - component: {fileID: 2562555563051093032}
  m_Layer: 0
  m_Name: Elbow_L
  m_TagString: Untagged
  m_Icon: {fileID: 0}
  m_NavMeshLayer: 0
  m_StaticEditorFlags: 0
  m_IsActive: 1
--- !u!4 &2562555563051093032
Transform:
  m_ObjectHideFlags: 0
  m_CorrespondingSourceObject: {fileID: 0}
  m_PrefabInstance: {fileID: 0}
  m_PrefabAsset: {fileID: 0}
  m_GameObject: {fileID: 6153946469356365674}
  m_LocalRotation: {x: 0.0016838326, y: 0.040749595, z: -0.041251875, w: 0.99831605}
  m_LocalPosition: {x: -0.33947402, y: -0.0014490709, z: -0.0014362641}
  m_LocalScale: {x: 1, y: 1, z: 1}
  m_Children:
  - {fileID: 1762340860311659846}
  m_Father: {fileID: 2373252568502670634}
  m_RootOrder: 0
  m_LocalEulerAnglesHint: {x: 0, y: 0, z: 0}
--- !u!1 &6241581488048762902
GameObject:
  m_ObjectHideFlags: 0
  m_CorrespondingSourceObject: {fileID: 0}
  m_PrefabInstance: {fileID: 0}
  m_PrefabAsset: {fileID: 0}
  serializedVersion: 6
  m_Component:
  - component: {fileID: 8233712461762303587}
  m_Layer: 0
  m_Name: LowerLeg_L
  m_TagString: Untagged
  m_Icon: {fileID: 0}
  m_NavMeshLayer: 0
  m_StaticEditorFlags: 0
  m_IsActive: 1
--- !u!4 &8233712461762303587
Transform:
  m_ObjectHideFlags: 0
  m_CorrespondingSourceObject: {fileID: 0}
  m_PrefabInstance: {fileID: 0}
  m_PrefabAsset: {fileID: 0}
  m_GameObject: {fileID: 6241581488048762902}
  m_LocalRotation: {x: 0.64437777, y: 0.024462728, z: -0.00473771, w: 0.7643013}
  m_LocalPosition: {x: 0.3993092, y: -0.00000038050263, z: 1.4654943e-16}
  m_LocalScale: {x: 1, y: 1, z: 1}
  m_Children:
  - {fileID: 8218564501121211250}
  m_Father: {fileID: 4863562639406732658}
  m_RootOrder: 0
  m_LocalEulerAnglesHint: {x: 0, y: 0, z: 0}
--- !u!1 &6270751073751730965
GameObject:
  m_ObjectHideFlags: 0
  m_CorrespondingSourceObject: {fileID: 0}
  m_PrefabInstance: {fileID: 0}
  m_PrefabAsset: {fileID: 0}
  serializedVersion: 6
  m_Component:
  - component: {fileID: 4268754028628769232}
  m_Layer: 0
  m_Name: IndexFinger_02 1
  m_TagString: Untagged
  m_Icon: {fileID: 0}
  m_NavMeshLayer: 0
  m_StaticEditorFlags: 0
  m_IsActive: 1
--- !u!4 &4268754028628769232
Transform:
  m_ObjectHideFlags: 0
  m_CorrespondingSourceObject: {fileID: 0}
  m_PrefabInstance: {fileID: 0}
  m_PrefabAsset: {fileID: 0}
  m_GameObject: {fileID: 6270751073751730965}
  m_LocalRotation: {x: -0.001153992, y: -0.010741636, z: 0.09832994, w: 0.99509525}
  m_LocalPosition: {x: 0.04093591, y: 0.0000009698692, z: -0.00000004956748}
  m_LocalScale: {x: 1, y: 1, z: 1}
  m_Children:
  - {fileID: 7824077230226239858}
  m_Father: {fileID: 6884504502324804384}
  m_RootOrder: 0
  m_LocalEulerAnglesHint: {x: 0, y: 0, z: 0}
--- !u!1 &6836819130716989589
GameObject:
  m_ObjectHideFlags: 0
  m_CorrespondingSourceObject: {fileID: 0}
  m_PrefabInstance: {fileID: 0}
  m_PrefabAsset: {fileID: 0}
  serializedVersion: 6
  m_Component:
  - component: {fileID: 6884504502324804384}
  m_Layer: 0
  m_Name: IndexFinger_01 1
  m_TagString: Untagged
  m_Icon: {fileID: 0}
  m_NavMeshLayer: 0
  m_StaticEditorFlags: 0
  m_IsActive: 1
--- !u!4 &6884504502324804384
Transform:
  m_ObjectHideFlags: 0
  m_CorrespondingSourceObject: {fileID: 0}
  m_PrefabInstance: {fileID: 0}
  m_PrefabAsset: {fileID: 0}
  m_GameObject: {fileID: 6836819130716989589}
  m_LocalRotation: {x: 0.00028049533, y: 0.065794446, z: 0.004253931, w: 0.99782413}
  m_LocalPosition: {x: 0.103966, y: -0.0039899996, z: -0.026726501}
  m_LocalScale: {x: 1, y: 1, z: 1}
  m_Children:
  - {fileID: 4268754028628769232}
  m_Father: {fileID: 5357330105052557094}
  m_RootOrder: 1
  m_LocalEulerAnglesHint: {x: 0, y: 0, z: 0}
--- !u!1 &7013025005099863945
GameObject:
  m_ObjectHideFlags: 0
  m_CorrespondingSourceObject: {fileID: 0}
  m_PrefabInstance: {fileID: 0}
  m_PrefabAsset: {fileID: 0}
  serializedVersion: 6
  m_Component:
  - component: {fileID: 814622536354119123}
  m_Layer: 0
  m_Name: Finger_03
  m_TagString: Untagged
  m_Icon: {fileID: 0}
  m_NavMeshLayer: 0
  m_StaticEditorFlags: 0
  m_IsActive: 1
--- !u!4 &814622536354119123
Transform:
  m_ObjectHideFlags: 0
  m_CorrespondingSourceObject: {fileID: 0}
  m_PrefabInstance: {fileID: 0}
  m_PrefabAsset: {fileID: 0}
  m_GameObject: {fileID: 7013025005099863945}
  m_LocalRotation: {x: -0.018149227, y: -0.07147895, z: 0.09251083, w: 0.9929769}
  m_LocalPosition: {x: -0.035133272, y: -3.00324e-16, z: 3.7747583e-17}
  m_LocalScale: {x: 1, y: 1, z: 1}
  m_Children:
  - {fileID: 6529951840043480764}
  m_Father: {fileID: 9106847241044692015}
  m_RootOrder: 0
  m_LocalEulerAnglesHint: {x: 0, y: 0, z: 0}
--- !u!1 &7018183836588141417
GameObject:
  m_ObjectHideFlags: 0
  m_CorrespondingSourceObject: {fileID: 0}
  m_PrefabInstance: {fileID: 0}
  m_PrefabAsset: {fileID: 0}
  serializedVersion: 6
  m_Component:
  - component: {fileID: 8579948777923850479}
  m_Layer: 0
  m_Name: Ball_L
  m_TagString: Untagged
  m_Icon: {fileID: 0}
  m_NavMeshLayer: 0
  m_StaticEditorFlags: 0
  m_IsActive: 1
--- !u!4 &8579948777923850479
Transform:
  m_ObjectHideFlags: 0
  m_CorrespondingSourceObject: {fileID: 0}
  m_PrefabInstance: {fileID: 0}
  m_PrefabAsset: {fileID: 0}
  m_GameObject: {fileID: 7018183836588141417}
  m_LocalRotation: {x: 3.1978668e-15, y: 5.3323e-15, z: -0.2700158, w: 0.96285594}
  m_LocalPosition: {x: 0.112840325, y: -0.00000001684957, z: -7.105427e-17}
  m_LocalScale: {x: 1, y: 1, z: 1}
  m_Children:
  - {fileID: 7941449125788041478}
  m_Father: {fileID: 8218564501121211250}
  m_RootOrder: 0
  m_LocalEulerAnglesHint: {x: 0, y: 0, z: 0}
--- !u!1 &7296835528551367437
GameObject:
  m_ObjectHideFlags: 0
  m_CorrespondingSourceObject: {fileID: 0}
  m_PrefabInstance: {fileID: 0}
  m_PrefabAsset: {fileID: 0}
  serializedVersion: 6
  m_Component:
  - component: {fileID: 9056378177501550759}
  m_Layer: 0
  m_Name: Eyebrows
  m_TagString: Untagged
  m_Icon: {fileID: 0}
  m_NavMeshLayer: 0
  m_StaticEditorFlags: 0
  m_IsActive: 1
--- !u!4 &9056378177501550759
Transform:
  m_ObjectHideFlags: 0
  m_CorrespondingSourceObject: {fileID: 0}
  m_PrefabInstance: {fileID: 0}
  m_PrefabAsset: {fileID: 0}
  m_GameObject: {fileID: 7296835528551367437}
  m_LocalRotation: {x: 0, y: -0, z: -0, w: 1}
  m_LocalPosition: {x: 2.5243548e-31, y: 0.1276692, z: 0.12272215}
  m_LocalScale: {x: 1, y: 1, z: 1}
  m_Children: []
  m_Father: {fileID: 1052037480182516448}
  m_RootOrder: 0
  m_LocalEulerAnglesHint: {x: 0, y: 0, z: 0}
--- !u!1 &7348449812784946480
GameObject:
  m_ObjectHideFlags: 0
  m_CorrespondingSourceObject: {fileID: 0}
  m_PrefabInstance: {fileID: 0}
  m_PrefabAsset: {fileID: 0}
  serializedVersion: 6
  m_Component:
  - component: {fileID: 2047759973497733682}
  m_Layer: 0
  m_Name: Ball_R
  m_TagString: Untagged
  m_Icon: {fileID: 0}
  m_NavMeshLayer: 0
  m_StaticEditorFlags: 0
  m_IsActive: 1
--- !u!4 &2047759973497733682
Transform:
  m_ObjectHideFlags: 0
  m_CorrespondingSourceObject: {fileID: 0}
  m_PrefabInstance: {fileID: 0}
  m_PrefabAsset: {fileID: 0}
  m_GameObject: {fileID: 7348449812784946480}
  m_LocalRotation: {x: -1.5897284e-15, y: 1.7129298e-15, z: -0.2700158, w: 0.96285594}
  m_LocalPosition: {x: -0.112840354, y: -1.1546319e-16, z: -2.113351e-17}
  m_LocalScale: {x: 1, y: 1, z: 1}
  m_Children:
  - {fileID: 3997102070692315880}
  m_Father: {fileID: 2985359937478011326}
  m_RootOrder: 0
  m_LocalEulerAnglesHint: {x: 0, y: 0, z: 0}
--- !u!1 &7378532305073231665
GameObject:
  m_ObjectHideFlags: 0
  m_CorrespondingSourceObject: {fileID: 0}
  m_PrefabInstance: {fileID: 0}
  m_PrefabAsset: {fileID: 0}
  serializedVersion: 6
  m_Component:
  - component: {fileID: 8498279164275622379}
  m_Layer: 0
  m_Name: Clavicle_R
  m_TagString: Untagged
  m_Icon: {fileID: 0}
  m_NavMeshLayer: 0
  m_StaticEditorFlags: 0
  m_IsActive: 1
--- !u!4 &8498279164275622379
Transform:
  m_ObjectHideFlags: 0
  m_CorrespondingSourceObject: {fileID: 0}
  m_PrefabInstance: {fileID: 0}
  m_PrefabAsset: {fileID: 0}
  m_GameObject: {fileID: 7378532305073231665}
  m_LocalRotation: {x: 0.63248575, y: 0.57854766, z: 0.37547126, w: -0.3525135}
  m_LocalPosition: {x: -0.05801534, y: -0.04191418, z: 0.0744715}
  m_LocalScale: {x: 1, y: 1, z: 1}
  m_Children:
  - {fileID: 6579830936620190776}
  m_Father: {fileID: 4339866809122655310}
  m_RootOrder: 1
  m_LocalEulerAnglesHint: {x: 0, y: 0, z: 0}
--- !u!1 &7598890876850957593
GameObject:
  m_ObjectHideFlags: 0
  m_CorrespondingSourceObject: {fileID: 0}
  m_PrefabInstance: {fileID: 0}
  m_PrefabAsset: {fileID: 0}
  serializedVersion: 6
  m_Component:
  - component: {fileID: 4661888623762284337}
  m_Layer: 0
  m_Name: Hips
  m_TagString: Untagged
  m_Icon: {fileID: 0}
  m_NavMeshLayer: 0
  m_StaticEditorFlags: 0
  m_IsActive: 1
--- !u!4 &4661888623762284337
Transform:
  m_ObjectHideFlags: 0
  m_CorrespondingSourceObject: {fileID: 0}
  m_PrefabInstance: {fileID: 0}
  m_PrefabAsset: {fileID: 0}
  m_GameObject: {fileID: 7598890876850957593}
  m_LocalRotation: {x: 0.46113664, y: -0.5360532, z: -0.46113664, w: 0.5360532}
  m_LocalPosition: {x: -0, y: 0.8762761, z: 0}
  m_LocalScale: {x: 1, y: 1, z: 1}
  m_Children:
  - {fileID: 6761035649266330117}
  - {fileID: 4863562639406732658}
  - {fileID: 1595200372034752378}
  m_Father: {fileID: 1762658652380419769}
  m_RootOrder: 0
  m_LocalEulerAnglesHint: {x: 0, y: 0, z: 0}
--- !u!1 &7599335445537513900
GameObject:
  m_ObjectHideFlags: 0
  m_CorrespondingSourceObject: {fileID: 0}
  m_PrefabInstance: {fileID: 0}
  m_PrefabAsset: {fileID: 0}
  serializedVersion: 6
  m_Component:
  - component: {fileID: 7116307433377907059}
  m_Layer: 0
  m_Name: IndexFinger_04
  m_TagString: Untagged
  m_Icon: {fileID: 0}
  m_NavMeshLayer: 0
  m_StaticEditorFlags: 0
  m_IsActive: 1
--- !u!4 &7116307433377907059
Transform:
  m_ObjectHideFlags: 0
  m_CorrespondingSourceObject: {fileID: 0}
  m_PrefabInstance: {fileID: 0}
  m_PrefabAsset: {fileID: 0}
  m_GameObject: {fileID: 7599335445537513900}
  m_LocalRotation: {x: -0.0045196484, y: -0.028039929, z: -0.15906802, w: 0.986859}
  m_LocalPosition: {x: -0.03779794, y: -1.9284054e-16, z: -9.992007e-18}
  m_LocalScale: {x: 1, y: 1, z: 1}
  m_Children: []
  m_Father: {fileID: 1430494140457969357}
  m_RootOrder: 0
  m_LocalEulerAnglesHint: {x: 0, y: 0, z: 0}
--- !u!1 &7739807461520853885
GameObject:
  m_ObjectHideFlags: 0
  m_CorrespondingSourceObject: {fileID: 0}
  m_PrefabInstance: {fileID: 0}
  m_PrefabAsset: {fileID: 0}
  serializedVersion: 6
  m_Component:
  - component: {fileID: 8703031531247233422}
  m_Layer: 0
  m_Name: Spine_02
  m_TagString: Untagged
  m_Icon: {fileID: 0}
  m_NavMeshLayer: 0
  m_StaticEditorFlags: 0
  m_IsActive: 1
--- !u!4 &8703031531247233422
Transform:
  m_ObjectHideFlags: 0
  m_CorrespondingSourceObject: {fileID: 0}
  m_PrefabInstance: {fileID: 0}
  m_PrefabAsset: {fileID: 0}
  m_GameObject: {fileID: 7739807461520853885}
  m_LocalRotation: {x: 0.99518615, y: -0.098002784, z: -6.023971e-16, w: -1.2085069e-16}
  m_LocalPosition: {x: -0.18151169, y: 1.5543122e-17, z: -7.101073e-17}
  m_LocalScale: {x: 1, y: 1, z: 1}
  m_Children:
  - {fileID: 4339866809122655310}
  m_Father: {fileID: 6761035649266330117}
  m_RootOrder: 0
  m_LocalEulerAnglesHint: {x: 0, y: 0, z: 0}
--- !u!1 &8094793390952401126
GameObject:
  m_ObjectHideFlags: 0
  m_CorrespondingSourceObject: {fileID: 0}
  m_PrefabInstance: {fileID: 0}
  m_PrefabAsset: {fileID: 0}
  serializedVersion: 6
  m_Component:
  - component: {fileID: 8906945411786025892}
  - component: {fileID: 8396193071955186067}
  m_Layer: 0
  m_Name: Character_Female_Police
  m_TagString: Untagged
  m_Icon: {fileID: 0}
  m_NavMeshLayer: 0
  m_StaticEditorFlags: 0
  m_IsActive: 0
--- !u!4 &8906945411786025892
Transform:
  m_ObjectHideFlags: 0
  m_CorrespondingSourceObject: {fileID: 0}
  m_PrefabInstance: {fileID: 0}
  m_PrefabAsset: {fileID: 0}
  m_GameObject: {fileID: 8094793390952401126}
  m_LocalRotation: {x: 0, y: -0, z: -0, w: 1}
  m_LocalPosition: {x: -0, y: 0, z: 0}
  m_LocalScale: {x: 1, y: 1, z: 1}
  m_Children: []
  m_Father: {fileID: 7439648359383365923}
  m_RootOrder: 5
  m_LocalEulerAnglesHint: {x: 0, y: 0, z: 0}
--- !u!137 &8396193071955186067
SkinnedMeshRenderer:
  m_ObjectHideFlags: 0
  m_CorrespondingSourceObject: {fileID: 0}
  m_PrefabInstance: {fileID: 0}
  m_PrefabAsset: {fileID: 0}
  m_GameObject: {fileID: 8094793390952401126}
  m_Enabled: 1
  m_CastShadows: 1
  m_ReceiveShadows: 1
  m_DynamicOccludee: 1
  m_MotionVectors: 1
  m_LightProbeUsage: 1
  m_ReflectionProbeUsage: 1
  m_RenderingLayerMask: 1
  m_RendererPriority: 0
  m_Materials:
  - {fileID: 2100000, guid: 62e25ef75a2216f418d06453c9ad15cb, type: 2}
  m_StaticBatchInfo:
    firstSubMesh: 0
    subMeshCount: 0
  m_StaticBatchRoot: {fileID: 0}
  m_ProbeAnchor: {fileID: 0}
  m_LightProbeVolumeOverride: {fileID: 0}
  m_ScaleInLightmap: 1
  m_PreserveUVs: 0
  m_IgnoreNormalsForChartDetection: 0
  m_ImportantGI: 0
  m_StitchLightmapSeams: 0
  m_SelectedEditorRenderState: 3
  m_MinimumChartSize: 4
  m_AutoUVMaxDistance: 0.5
  m_AutoUVMaxAngle: 89
  m_LightmapParameters: {fileID: 0}
  m_SortingLayerID: 0
  m_SortingLayer: 0
  m_SortingOrder: 0
  serializedVersion: 2
  m_Quality: 0
  m_UpdateWhenOffscreen: 0
  m_SkinnedMotionVectors: 1
  m_Mesh: {fileID: 4300014, guid: 91028badc63f59f43a9c5bda64fbd608, type: 3}
  m_Bones:
  - {fileID: 1762658652380419769}
  - {fileID: 4661888623762284337}
  - {fileID: 6761035649266330117}
  - {fileID: 8703031531247233422}
  - {fileID: 4339866809122655310}
  - {fileID: 6406467525343438639}
  - {fileID: 1052037480182516448}
  - {fileID: 8922692719002647421}
  - {fileID: 9056378177501550759}
  - {fileID: 203548941565094727}
  - {fileID: 2373252568502670634}
  - {fileID: 2562555563051093032}
  - {fileID: 1762340860311659846}
  - {fileID: 5579278736517540212}
  - {fileID: 3008678504867015277}
  - {fileID: 1487817700558092907}
  - {fileID: 5430418087523512699}
  - {fileID: 1864303495030134351}
  - {fileID: 1430494140457969357}
  - {fileID: 7116307433377907059}
  - {fileID: 6153652652088448964}
  - {fileID: 9106847241044692015}
  - {fileID: 814622536354119123}
  - {fileID: 6529951840043480764}
  - {fileID: 8498279164275622379}
  - {fileID: 6579830936620190776}
  - {fileID: 2980244174022136790}
  - {fileID: 5357330105052557094}
  - {fileID: 3247036953203251672}
  - {fileID: 6072342910731577661}
  - {fileID: 8978221689059106337}
  - {fileID: 6884504502324804384}
  - {fileID: 4268754028628769232}
  - {fileID: 7824077230226239858}
  - {fileID: 8322727422198410141}
  - {fileID: 3813615215859414961}
  - {fileID: 776661988933308832}
  - {fileID: 863241487252242241}
  - {fileID: 7278012945438142304}
  - {fileID: 1595200372034752378}
  - {fileID: 9122882390688806277}
  - {fileID: 2985359937478011326}
  - {fileID: 2047759973497733682}
  - {fileID: 3997102070692315880}
  - {fileID: 4863562639406732658}
  - {fileID: 8233712461762303587}
  - {fileID: 8218564501121211250}
  - {fileID: 8579948777923850479}
  - {fileID: 7941449125788041478}
  m_BlendShapeWeights: []
  m_RootBone: {fileID: 1762658652380419769}
  m_AABB:
    m_Center: {x: -0.00000011920929, y: 0.89054334, z: -0.05767753}
    m_Extent: {x: 1.0212038, y: 0.9893005, z: 0.25185326}
  m_DirtyAABB: 0
--- !u!1 &8271729048581828110
GameObject:
  m_ObjectHideFlags: 0
  m_CorrespondingSourceObject: {fileID: 0}
  m_PrefabInstance: {fileID: 0}
  m_PrefabAsset: {fileID: 0}
  serializedVersion: 6
  m_Component:
  - component: {fileID: 8978221689059106337}
  m_Layer: 0
  m_Name: Thumb_03 1
  m_TagString: Untagged
  m_Icon: {fileID: 0}
  m_NavMeshLayer: 0
  m_StaticEditorFlags: 0
  m_IsActive: 1
--- !u!4 &8978221689059106337
Transform:
  m_ObjectHideFlags: 0
  m_CorrespondingSourceObject: {fileID: 0}
  m_PrefabInstance: {fileID: 0}
  m_PrefabAsset: {fileID: 0}
  m_GameObject: {fileID: 8271729048581828110}
  m_LocalRotation: {x: -0.036403257, y: -0.15203467, z: -0.22999534, w: 0.9605532}
  m_LocalPosition: {x: 0.056655083, y: 0.00000009835502, z: -0.00000020279542}
  m_LocalScale: {x: 1, y: 1, z: 1}
  m_Children: []
  m_Father: {fileID: 6072342910731577661}
  m_RootOrder: 0
  m_LocalEulerAnglesHint: {x: 0, y: 0, z: 0}
--- !u!1 &8286287635680245721
GameObject:
  m_ObjectHideFlags: 0
  m_CorrespondingSourceObject: {fileID: 0}
  m_PrefabInstance: {fileID: 0}
  m_PrefabAsset: {fileID: 0}
  serializedVersion: 6
  m_Component:
  - component: {fileID: 1864303495030134351}
  m_Layer: 0
  m_Name: IndexFinger_02
  m_TagString: Untagged
  m_Icon: {fileID: 0}
  m_NavMeshLayer: 0
  m_StaticEditorFlags: 0
  m_IsActive: 1
--- !u!4 &1864303495030134351
Transform:
  m_ObjectHideFlags: 0
  m_CorrespondingSourceObject: {fileID: 0}
  m_PrefabInstance: {fileID: 0}
  m_PrefabAsset: {fileID: 0}
  m_GameObject: {fileID: 8286287635680245721}
  m_LocalRotation: {x: -0.001153992, y: -0.010741636, z: 0.09832994, w: 0.99509525}
  m_LocalPosition: {x: -0.040936317, y: -1.5276409e-18, z: 2.4424906e-17}
  m_LocalScale: {x: 1, y: 1, z: 1}
  m_Children:
  - {fileID: 1430494140457969357}
  m_Father: {fileID: 5430418087523512699}
  m_RootOrder: 0
  m_LocalEulerAnglesHint: {x: 0, y: 0, z: 0}
--- !u!1 &8320440597197758074
GameObject:
  m_ObjectHideFlags: 0
  m_CorrespondingSourceObject: {fileID: 0}
  m_PrefabInstance: {fileID: 0}
  m_PrefabAsset: {fileID: 0}
  serializedVersion: 6
  m_Component:
  - component: {fileID: 7824077230226239858}
  m_Layer: 0
  m_Name: IndexFinger_03 1
  m_TagString: Untagged
  m_Icon: {fileID: 0}
  m_NavMeshLayer: 0
  m_StaticEditorFlags: 0
  m_IsActive: 1
--- !u!4 &7824077230226239858
Transform:
  m_ObjectHideFlags: 0
  m_CorrespondingSourceObject: {fileID: 0}
  m_PrefabInstance: {fileID: 0}
  m_PrefabAsset: {fileID: 0}
  m_GameObject: {fileID: 8320440597197758074}
  m_LocalRotation: {x: -0.006912195, y: -0.025717413, z: 0.057002407, w: 0.9980188}
  m_LocalPosition: {x: 0.037912127, y: 0.0000032499834, z: -0.00000004545292}
  m_LocalScale: {x: 1, y: 1, z: 1}
  m_Children:
  - {fileID: 8322727422198410141}
  m_Father: {fileID: 4268754028628769232}
  m_RootOrder: 0
  m_LocalEulerAnglesHint: {x: 0, y: 0, z: 0}
--- !u!1 &8369741099646287924
GameObject:
  m_ObjectHideFlags: 0
  m_CorrespondingSourceObject: {fileID: 0}
  m_PrefabInstance: {fileID: 0}
  m_PrefabAsset: {fileID: 0}
  serializedVersion: 6
  m_Component:
  - component: {fileID: 9122882390688806277}
  m_Layer: 0
  m_Name: LowerLeg_R
  m_TagString: Untagged
  m_Icon: {fileID: 0}
  m_NavMeshLayer: 0
  m_StaticEditorFlags: 0
  m_IsActive: 1
--- !u!4 &9122882390688806277
Transform:
  m_ObjectHideFlags: 0
  m_CorrespondingSourceObject: {fileID: 0}
  m_PrefabInstance: {fileID: 0}
  m_PrefabAsset: {fileID: 0}
  m_GameObject: {fileID: 8369741099646287924}
  m_LocalRotation: {x: 0.64437777, y: 0.024462728, z: -0.00473771, w: 0.7643013}
  m_LocalPosition: {x: -0.39930904, y: -6.883383e-17, z: -5.3342145e-17}
  m_LocalScale: {x: 1, y: 1, z: 1}
  m_Children:
  - {fileID: 2985359937478011326}
  m_Father: {fileID: 1595200372034752378}
  m_RootOrder: 0
  m_LocalEulerAnglesHint: {x: 0, y: 0, z: 0}
--- !u!1 &8405874467419781869
GameObject:
  m_ObjectHideFlags: 0
  m_CorrespondingSourceObject: {fileID: 0}
  m_PrefabInstance: {fileID: 0}
  m_PrefabAsset: {fileID: 0}
  serializedVersion: 6
  m_Component:
  - component: {fileID: 7439648359383365923}
  - component: {fileID: 9163719988280259765}
  - component: {fileID: 3620640060738628214}
  - component: {fileID: 6375516388056995590}
  - component: {fileID: 856782683627790367}
  - component: {fileID: 4050211023172527312}
  - component: {fileID: 7051701001010626382}
  - component: {fileID: 8405874467419781867}
  - component: {fileID: 8405874467419781861}
  - component: {fileID: 1672315010}
  - component: {fileID: 2145831425547481559}
  - component: {fileID: 4421099631211363226}
  m_Layer: 0
  m_Name: Teacher
  m_TagString: Humans
  m_Icon: {fileID: 0}
  m_NavMeshLayer: 0
  m_StaticEditorFlags: 4294967295
  m_IsActive: 1
--- !u!4 &7439648359383365923
Transform:
  m_ObjectHideFlags: 0
  m_CorrespondingSourceObject: {fileID: 0}
  m_PrefabInstance: {fileID: 0}
  m_PrefabAsset: {fileID: 0}
  m_GameObject: {fileID: 8405874467419781869}
  m_LocalRotation: {x: 0, y: 0, z: 0, w: 1}
  m_LocalPosition: {x: 60.82717, y: 0, z: 73.42881}
  m_LocalScale: {x: 2, y: 2, z: 2}
  m_Children:
  - {fileID: 341764222484939817}
  - {fileID: 4806415244178885926}
  - {fileID: 4725444235199471848}
  - {fileID: 8589104955465799826}
  - {fileID: 5953541127577058244}
  - {fileID: 8906945411786025892}
  - {fileID: 748329367374787022}
  - {fileID: 1798313078816101193}
  - {fileID: 3795879381627587079}
  - {fileID: 1762658652380419769}
  - {fileID: 1769873726357595352}
  m_Father: {fileID: 0}
  m_RootOrder: 0
  m_LocalEulerAnglesHint: {x: 0, y: 0, z: 0}
--- !u!95 &9163719988280259765
Animator:
  serializedVersion: 3
  m_ObjectHideFlags: 0
  m_CorrespondingSourceObject: {fileID: 0}
  m_PrefabInstance: {fileID: 0}
  m_PrefabAsset: {fileID: 0}
  m_GameObject: {fileID: 8405874467419781869}
  m_Enabled: 1
  m_Avatar: {fileID: 9000000, guid: 91028badc63f59f43a9c5bda64fbd608, type: 3}
  m_Controller: {fileID: 9100000, guid: 7f53b16ed2ac0ca40b048677c4e42c98, type: 2}
  m_CullingMode: 0
  m_UpdateMode: 0
  m_ApplyRootMotion: 0
  m_LinearVelocityBlending: 0
  m_WarningMessage: 
  m_HasTransformHierarchy: 1
  m_AllowConstantClipSamplingOptimization: 1
  m_KeepAnimatorControllerStateOnDisable: 0
--- !u!114 &3620640060738628214
MonoBehaviour:
  m_ObjectHideFlags: 0
  m_CorrespondingSourceObject: {fileID: 0}
  m_PrefabInstance: {fileID: 0}
  m_PrefabAsset: {fileID: 0}
  m_GameObject: {fileID: 8405874467419781869}
  m_Enabled: 1
  m_EditorHideFlags: 0
  m_Script: {fileID: 11500000, guid: 0c688a34589f1b846ba5965b88d565ef, type: 3}
  m_Name: 
  m_EditorClassIdentifier: 
  targetMarker: {fileID: 0}
  nearTarget: {x: 0, y: 0, z: 0}
  InterestGroup: {fileID: 0}
  _lastInteraction: {fileID: 0}
  timeToStandSeconds: 5
--- !u!195 &6375516388056995590
NavMeshAgent:
  m_ObjectHideFlags: 0
  m_CorrespondingSourceObject: {fileID: 0}
  m_PrefabInstance: {fileID: 0}
  m_PrefabAsset: {fileID: 0}
  m_GameObject: {fileID: 8405874467419781869}
  m_Enabled: 1
  m_AgentTypeID: 0
  m_Radius: 0.5
  m_Speed: 3.5
  m_Acceleration: 8
  avoidancePriority: 50
  m_AngularSpeed: 120
  m_StoppingDistance: 0
  m_AutoTraverseOffMeshLink: 1
  m_AutoBraking: 1
  m_AutoRepath: 1
  m_Height: 2
  m_BaseOffset: 0
  m_WalkableMask: 4294967295
  m_ObstacleAvoidanceType: 4
--- !u!114 &856782683627790367
MonoBehaviour:
  m_ObjectHideFlags: 0
  m_CorrespondingSourceObject: {fileID: 0}
  m_PrefabInstance: {fileID: 0}
  m_PrefabAsset: {fileID: 0}
  m_GameObject: {fileID: 8405874467419781869}
  m_Enabled: 1
  m_EditorHideFlags: 0
  m_Script: {fileID: 11500000, guid: ac1785f9118676f46939143adfb663fb, type: 3}
  m_Name: 
  m_EditorClassIdentifier: 
  haveindicate: 0
  Question1: {fileID: 1098825559997394378, guid: f3fab703458c3784c89b6b0279da60eb,
    type: 3}
  Warning1: {fileID: 5473368256355264899, guid: 5107294e5f1455f4aac885647a1864a2,
    type: 3}
--- !u!114 &4050211023172527312
MonoBehaviour:
  m_ObjectHideFlags: 0
  m_CorrespondingSourceObject: {fileID: 0}
  m_PrefabInstance: {fileID: 0}
  m_PrefabAsset: {fileID: 0}
  m_GameObject: {fileID: 8405874467419781869}
  m_Enabled: 1
  m_EditorHideFlags: 0
  m_Script: {fileID: 11500000, guid: d50a8a2b3159af64a817655e2fe1986f, type: 3}
  m_Name: 
  m_EditorClassIdentifier: 
  Humans: []
  Closest: {fileID: 0}
--- !u!114 &7051701001010626382
MonoBehaviour:
  m_ObjectHideFlags: 0
  m_CorrespondingSourceObject: {fileID: 0}
  m_PrefabInstance: {fileID: 0}
  m_PrefabAsset: {fileID: 0}
  m_GameObject: {fileID: 8405874467419781869}
  m_Enabled: 1
  m_EditorHideFlags: 0
  m_Script: {fileID: 11500000, guid: 0b6eda609ba6cb848ac0b34d93eefe7a, type: 3}
  m_Name: 
  m_EditorClassIdentifier: 
  ThisHuman: {fileID: 11400000, guid: fca323682ec3c6b48bf24afd2253abe6, type: 2}
--- !u!54 &8405874467419781867
Rigidbody:
  m_ObjectHideFlags: 0
  m_CorrespondingSourceObject: {fileID: 0}
  m_PrefabInstance: {fileID: 0}
  m_PrefabAsset: {fileID: 0}
  m_GameObject: {fileID: 8405874467419781869}
  serializedVersion: 2
  m_Mass: 1
  m_Drag: 0
  m_AngularDrag: 0.05
  m_UseGravity: 1
  m_IsKinematic: 0
  m_Interpolate: 0
  m_Constraints: 0
  m_CollisionDetection: 0
--- !u!64 &8405874467419781861
MeshCollider:
  m_ObjectHideFlags: 0
  m_CorrespondingSourceObject: {fileID: 0}
  m_PrefabInstance: {fileID: 0}
  m_PrefabAsset: {fileID: 0}
  m_GameObject: {fileID: 8405874467419781869}
  m_Material: {fileID: 0}
  m_IsTrigger: 0
  m_Enabled: 1
  serializedVersion: 3
  m_Convex: 1
  m_CookingOptions: 14
  m_Mesh: {fileID: 4300012, guid: 91028badc63f59f43a9c5bda64fbd608, type: 3}
--- !u!135 &1672315010
SphereCollider:
  m_ObjectHideFlags: 0
  m_CorrespondingSourceObject: {fileID: 0}
  m_PrefabInstance: {fileID: 0}
  m_PrefabAsset: {fileID: 0}
  m_GameObject: {fileID: 8405874467419781869}
  m_Material: {fileID: 0}
  m_IsTrigger: 1
  m_Enabled: 1
  serializedVersion: 2
  m_Radius: 7
  m_Center: {x: 0, y: 1, z: 0}
--- !u!114 &2145831425547481559
MonoBehaviour:
  m_ObjectHideFlags: 0
  m_CorrespondingSourceObject: {fileID: 0}
  m_PrefabInstance: {fileID: 0}
  m_PrefabAsset: {fileID: 0}
  m_GameObject: {fileID: 8405874467419781869}
  m_Enabled: 1
  m_EditorHideFlags: 0
  m_Script: {fileID: 11500000, guid: 145c38e5b08964cbea0dca1bb075ef3f, type: 3}
  m_Name: 
  m_EditorClassIdentifier: 
  characterPanelScript: {fileID: 0}
  mask:
    serializedVersion: 2
    m_Bits: 0
--- !u!136 &4421099631211363226
CapsuleCollider:
  m_ObjectHideFlags: 0
  m_CorrespondingSourceObject: {fileID: 0}
  m_PrefabInstance: {fileID: 0}
  m_PrefabAsset: {fileID: 0}
  m_GameObject: {fileID: 8405874467419781869}
  m_Material: {fileID: 0}
  m_IsTrigger: 1
  m_Enabled: 1
  m_Radius: 1.2
  m_Height: 1
  m_Direction: 1
  m_Center: {x: 0, y: 1, z: 0}
--- !u!1 &8456272325126650372
GameObject:
  m_ObjectHideFlags: 0
  m_CorrespondingSourceObject: {fileID: 0}
  m_PrefabInstance: {fileID: 0}
  m_PrefabAsset: {fileID: 0}
  serializedVersion: 6
  m_Component:
  - component: {fileID: 1798313078816101193}
  - component: {fileID: 74481088419571160}
  m_Layer: 0
  m_Name: Character_Male_Jacket
  m_TagString: Untagged
  m_Icon: {fileID: 0}
  m_NavMeshLayer: 0
  m_StaticEditorFlags: 0
  m_IsActive: 0
--- !u!4 &1798313078816101193
Transform:
  m_ObjectHideFlags: 0
  m_CorrespondingSourceObject: {fileID: 0}
  m_PrefabInstance: {fileID: 0}
  m_PrefabAsset: {fileID: 0}
  m_GameObject: {fileID: 8456272325126650372}
  m_LocalRotation: {x: 0, y: -0, z: -0, w: 1}
  m_LocalPosition: {x: -0, y: 0, z: 0}
  m_LocalScale: {x: 1, y: 1, z: 1}
  m_Children: []
  m_Father: {fileID: 7439648359383365923}
  m_RootOrder: 7
  m_LocalEulerAnglesHint: {x: 0, y: 0, z: 0}
--- !u!137 &74481088419571160
SkinnedMeshRenderer:
  m_ObjectHideFlags: 0
  m_CorrespondingSourceObject: {fileID: 0}
  m_PrefabInstance: {fileID: 0}
  m_PrefabAsset: {fileID: 0}
  m_GameObject: {fileID: 8456272325126650372}
  m_Enabled: 1
  m_CastShadows: 1
  m_ReceiveShadows: 1
  m_DynamicOccludee: 1
  m_MotionVectors: 1
  m_LightProbeUsage: 1
  m_ReflectionProbeUsage: 1
  m_RenderingLayerMask: 1
  m_RendererPriority: 0
  m_Materials:
  - {fileID: 2100000, guid: 62e25ef75a2216f418d06453c9ad15cb, type: 2}
  m_StaticBatchInfo:
    firstSubMesh: 0
    subMeshCount: 0
  m_StaticBatchRoot: {fileID: 0}
  m_ProbeAnchor: {fileID: 0}
  m_LightProbeVolumeOverride: {fileID: 0}
  m_ScaleInLightmap: 1
  m_PreserveUVs: 0
  m_IgnoreNormalsForChartDetection: 0
  m_ImportantGI: 0
  m_StitchLightmapSeams: 0
  m_SelectedEditorRenderState: 3
  m_MinimumChartSize: 4
  m_AutoUVMaxDistance: 0.5
  m_AutoUVMaxAngle: 89
  m_LightmapParameters: {fileID: 0}
  m_SortingLayerID: 0
  m_SortingLayer: 0
  m_SortingOrder: 0
  serializedVersion: 2
  m_Quality: 0
  m_UpdateWhenOffscreen: 0
  m_SkinnedMotionVectors: 1
  m_Mesh: {fileID: 4300008, guid: 91028badc63f59f43a9c5bda64fbd608, type: 3}
  m_Bones:
  - {fileID: 1762658652380419769}
  - {fileID: 4661888623762284337}
  - {fileID: 6761035649266330117}
  - {fileID: 8703031531247233422}
  - {fileID: 4339866809122655310}
  - {fileID: 6406467525343438639}
  - {fileID: 1052037480182516448}
  - {fileID: 8922692719002647421}
  - {fileID: 9056378177501550759}
  - {fileID: 203548941565094727}
  - {fileID: 2373252568502670634}
  - {fileID: 2562555563051093032}
  - {fileID: 1762340860311659846}
  - {fileID: 5579278736517540212}
  - {fileID: 3008678504867015277}
  - {fileID: 1487817700558092907}
  - {fileID: 5430418087523512699}
  - {fileID: 1864303495030134351}
  - {fileID: 1430494140457969357}
  - {fileID: 7116307433377907059}
  - {fileID: 6153652652088448964}
  - {fileID: 9106847241044692015}
  - {fileID: 814622536354119123}
  - {fileID: 6529951840043480764}
  - {fileID: 8498279164275622379}
  - {fileID: 6579830936620190776}
  - {fileID: 2980244174022136790}
  - {fileID: 5357330105052557094}
  - {fileID: 3247036953203251672}
  - {fileID: 6072342910731577661}
  - {fileID: 8978221689059106337}
  - {fileID: 6884504502324804384}
  - {fileID: 4268754028628769232}
  - {fileID: 7824077230226239858}
  - {fileID: 8322727422198410141}
  - {fileID: 3813615215859414961}
  - {fileID: 776661988933308832}
  - {fileID: 863241487252242241}
  - {fileID: 7278012945438142304}
  - {fileID: 1595200372034752378}
  - {fileID: 9122882390688806277}
  - {fileID: 2985359937478011326}
  - {fileID: 2047759973497733682}
  - {fileID: 3997102070692315880}
  - {fileID: 4863562639406732658}
  - {fileID: 8233712461762303587}
  - {fileID: 8218564501121211250}
  - {fileID: 8579948777923850479}
  - {fileID: 7941449125788041478}
  m_BlendShapeWeights: []
  m_RootBone: {fileID: 1762658652380419769}
  m_AABB:
    m_Center: {x: -0.000000059604645, y: 0.8662145, z: -0.07343141}
    m_Extent: {x: 1.024559, y: 0.9643167, z: 0.26668188}
  m_DirtyAABB: 0
--- !u!1 &8660522327748792920
GameObject:
  m_ObjectHideFlags: 0
  m_CorrespondingSourceObject: {fileID: 0}
  m_PrefabInstance: {fileID: 0}
  m_PrefabAsset: {fileID: 0}
  serializedVersion: 6
  m_Component:
  - component: {fileID: 1762658652380419769}
  m_Layer: 0
  m_Name: Root
  m_TagString: Untagged
  m_Icon: {fileID: 0}
  m_NavMeshLayer: 0
  m_StaticEditorFlags: 0
  m_IsActive: 1
--- !u!4 &1762658652380419769
Transform:
  m_ObjectHideFlags: 0
  m_CorrespondingSourceObject: {fileID: 0}
  m_PrefabInstance: {fileID: 0}
  m_PrefabAsset: {fileID: 0}
  m_GameObject: {fileID: 8660522327748792920}
  m_LocalRotation: {x: 0, y: -0, z: -0, w: 1}
  m_LocalPosition: {x: -0, y: 0, z: 0}
  m_LocalScale: {x: 1, y: 1, z: 1}
  m_Children:
  - {fileID: 4661888623762284337}
  m_Father: {fileID: 7439648359383365923}
  m_RootOrder: 9
  m_LocalEulerAnglesHint: {x: 0, y: 0, z: 0}
--- !u!1 &8716278674021281891
GameObject:
  m_ObjectHideFlags: 0
  m_CorrespondingSourceObject: {fileID: 0}
  m_PrefabInstance: {fileID: 0}
  m_PrefabAsset: {fileID: 0}
  serializedVersion: 6
  m_Component:
  - component: {fileID: 2980244174022136790}
  m_Layer: 0
  m_Name: Elbow_R
  m_TagString: Untagged
  m_Icon: {fileID: 0}
  m_NavMeshLayer: 0
  m_StaticEditorFlags: 0
  m_IsActive: 1
--- !u!4 &2980244174022136790
Transform:
  m_ObjectHideFlags: 0
  m_CorrespondingSourceObject: {fileID: 0}
  m_PrefabInstance: {fileID: 0}
  m_PrefabAsset: {fileID: 0}
  m_GameObject: {fileID: 8716278674021281891}
  m_LocalRotation: {x: 0.0016838326, y: 0.040749595, z: -0.041251875, w: 0.99831605}
  m_LocalPosition: {x: 0.3394746, y: 0.0014475863, z: 0.0014362636}
  m_LocalScale: {x: 1, y: 1, z: 1}
  m_Children:
  - {fileID: 5357330105052557094}
  m_Father: {fileID: 6579830936620190776}
  m_RootOrder: 0
  m_LocalEulerAnglesHint: {x: 0, y: 0, z: 0}
--- !u!1 &8813115437891171633
GameObject:
  m_ObjectHideFlags: 0
  m_CorrespondingSourceObject: {fileID: 0}
  m_PrefabInstance: {fileID: 0}
  m_PrefabAsset: {fileID: 0}
  serializedVersion: 6
  m_Component:
  - component: {fileID: 341764222484939817}
  - component: {fileID: 8011482866579479505}
  m_Layer: 0
  m_Name: Character_BusinessMan_Shirt
  m_TagString: Untagged
  m_Icon: {fileID: 0}
  m_NavMeshLayer: 0
  m_StaticEditorFlags: 0
  m_IsActive: 0
--- !u!4 &341764222484939817
Transform:
  m_ObjectHideFlags: 0
  m_CorrespondingSourceObject: {fileID: 0}
  m_PrefabInstance: {fileID: 0}
  m_PrefabAsset: {fileID: 0}
  m_GameObject: {fileID: 8813115437891171633}
  m_LocalRotation: {x: 0, y: -0, z: -0, w: 1}
  m_LocalPosition: {x: -0, y: 0, z: 0}
  m_LocalScale: {x: 1, y: 1, z: 1}
  m_Children: []
  m_Father: {fileID: 7439648359383365923}
  m_RootOrder: 0
  m_LocalEulerAnglesHint: {x: 0, y: 0, z: 0}
--- !u!137 &8011482866579479505
SkinnedMeshRenderer:
  m_ObjectHideFlags: 0
  m_CorrespondingSourceObject: {fileID: 0}
  m_PrefabInstance: {fileID: 0}
  m_PrefabAsset: {fileID: 0}
  m_GameObject: {fileID: 8813115437891171633}
  m_Enabled: 1
  m_CastShadows: 1
  m_ReceiveShadows: 1
  m_DynamicOccludee: 1
  m_MotionVectors: 1
  m_LightProbeUsage: 1
  m_ReflectionProbeUsage: 1
  m_RenderingLayerMask: 1
  m_RendererPriority: 0
  m_Materials:
  - {fileID: 2100000, guid: 62e25ef75a2216f418d06453c9ad15cb, type: 2}
  m_StaticBatchInfo:
    firstSubMesh: 0
    subMeshCount: 0
  m_StaticBatchRoot: {fileID: 0}
  m_ProbeAnchor: {fileID: 0}
  m_LightProbeVolumeOverride: {fileID: 0}
  m_ScaleInLightmap: 1
  m_PreserveUVs: 0
  m_IgnoreNormalsForChartDetection: 0
  m_ImportantGI: 0
  m_StitchLightmapSeams: 0
  m_SelectedEditorRenderState: 3
  m_MinimumChartSize: 4
  m_AutoUVMaxDistance: 0.5
  m_AutoUVMaxAngle: 89
  m_LightmapParameters: {fileID: 0}
  m_SortingLayerID: 0
  m_SortingLayer: 0
  m_SortingOrder: 0
  serializedVersion: 2
  m_Quality: 0
  m_UpdateWhenOffscreen: 0
  m_SkinnedMotionVectors: 1
  m_Mesh: {fileID: 4300002, guid: 91028badc63f59f43a9c5bda64fbd608, type: 3}
  m_Bones:
  - {fileID: 1762658652380419769}
  - {fileID: 4661888623762284337}
  - {fileID: 6761035649266330117}
  - {fileID: 8703031531247233422}
  - {fileID: 4339866809122655310}
  - {fileID: 6406467525343438639}
  - {fileID: 1052037480182516448}
  - {fileID: 8922692719002647421}
  - {fileID: 9056378177501550759}
  - {fileID: 203548941565094727}
  - {fileID: 2373252568502670634}
  - {fileID: 2562555563051093032}
  - {fileID: 1762340860311659846}
  - {fileID: 5579278736517540212}
  - {fileID: 3008678504867015277}
  - {fileID: 1487817700558092907}
  - {fileID: 5430418087523512699}
  - {fileID: 1864303495030134351}
  - {fileID: 1430494140457969357}
  - {fileID: 7116307433377907059}
  - {fileID: 6153652652088448964}
  - {fileID: 9106847241044692015}
  - {fileID: 814622536354119123}
  - {fileID: 6529951840043480764}
  - {fileID: 8498279164275622379}
  - {fileID: 6579830936620190776}
  - {fileID: 2980244174022136790}
  - {fileID: 5357330105052557094}
  - {fileID: 3247036953203251672}
  - {fileID: 6072342910731577661}
  - {fileID: 8978221689059106337}
  - {fileID: 6884504502324804384}
  - {fileID: 4268754028628769232}
  - {fileID: 7824077230226239858}
  - {fileID: 8322727422198410141}
  - {fileID: 3813615215859414961}
  - {fileID: 776661988933308832}
  - {fileID: 863241487252242241}
  - {fileID: 7278012945438142304}
  - {fileID: 1595200372034752378}
  - {fileID: 9122882390688806277}
  - {fileID: 2985359937478011326}
  - {fileID: 2047759973497733682}
  - {fileID: 3997102070692315880}
  - {fileID: 4863562639406732658}
  - {fileID: 8233712461762303587}
  - {fileID: 8218564501121211250}
  - {fileID: 8579948777923850479}
  - {fileID: 7941449125788041478}
  m_BlendShapeWeights: []
  m_RootBone: {fileID: 1762658652380419769}
  m_AABB:
    m_Center: {x: -0.00000011920929, y: 0.8643996, z: -0.06551372}
    m_Extent: {x: 1.0245588, y: 0.9625047, z: 0.26754987}
  m_DirtyAABB: 0
--- !u!1 &9025761372147002656
GameObject:
  m_ObjectHideFlags: 0
  m_CorrespondingSourceObject: {fileID: 0}
  m_PrefabInstance: {fileID: 0}
  m_PrefabAsset: {fileID: 0}
  serializedVersion: 6
  m_Component:
  - component: {fileID: 5579278736517540212}
  m_Layer: 0
  m_Name: Thumb_01
  m_TagString: Untagged
  m_Icon: {fileID: 0}
  m_NavMeshLayer: 0
  m_StaticEditorFlags: 0
  m_IsActive: 1
--- !u!4 &5579278736517540212
Transform:
  m_ObjectHideFlags: 0
  m_CorrespondingSourceObject: {fileID: 0}
  m_PrefabInstance: {fileID: 0}
  m_PrefabAsset: {fileID: 0}
  m_GameObject: {fileID: 9025761372147002656}
  m_LocalRotation: {x: 0.025480643, y: 0.27684274, z: 0.08803956, w: 0.9565343}
  m_LocalPosition: {x: -0.035140477, y: -0.011706916, z: 0.045055393}
  m_LocalScale: {x: 1, y: 1, z: 1}
  m_Children:
  - {fileID: 3008678504867015277}
  m_Father: {fileID: 1762340860311659846}
  m_RootOrder: 2
  m_LocalEulerAnglesHint: {x: 0, y: 0, z: 0}
--- !u!1 &9102114065337151388
GameObject:
  m_ObjectHideFlags: 0
  m_CorrespondingSourceObject: {fileID: 0}
  m_PrefabInstance: {fileID: 0}
  m_PrefabAsset: {fileID: 0}
  serializedVersion: 6
  m_Component:
  - component: {fileID: 3795879381627587079}
  - component: {fileID: 6892405821010171892}
  m_Layer: 0
  m_Name: Character_Male_Police
  m_TagString: Untagged
  m_Icon: {fileID: 0}
  m_NavMeshLayer: 0
  m_StaticEditorFlags: 0
  m_IsActive: 0
--- !u!4 &3795879381627587079
Transform:
  m_ObjectHideFlags: 0
  m_CorrespondingSourceObject: {fileID: 0}
  m_PrefabInstance: {fileID: 0}
  m_PrefabAsset: {fileID: 0}
  m_GameObject: {fileID: 9102114065337151388}
  m_LocalRotation: {x: 0, y: -0, z: -0, w: 1}
  m_LocalPosition: {x: -0, y: 0, z: 0}
  m_LocalScale: {x: 1, y: 1, z: 1}
  m_Children: []
  m_Father: {fileID: 7439648359383365923}
  m_RootOrder: 8
  m_LocalEulerAnglesHint: {x: 0, y: 0, z: 0}
--- !u!137 &6892405821010171892
SkinnedMeshRenderer:
  m_ObjectHideFlags: 0
  m_CorrespondingSourceObject: {fileID: 0}
  m_PrefabInstance: {fileID: 0}
  m_PrefabAsset: {fileID: 0}
  m_GameObject: {fileID: 9102114065337151388}
  m_Enabled: 1
  m_CastShadows: 1
  m_ReceiveShadows: 1
  m_DynamicOccludee: 1
  m_MotionVectors: 1
  m_LightProbeUsage: 1
  m_ReflectionProbeUsage: 1
  m_RenderingLayerMask: 1
  m_RendererPriority: 0
  m_Materials:
  - {fileID: 2100000, guid: 62e25ef75a2216f418d06453c9ad15cb, type: 2}
  m_StaticBatchInfo:
    firstSubMesh: 0
    subMeshCount: 0
  m_StaticBatchRoot: {fileID: 0}
  m_ProbeAnchor: {fileID: 0}
  m_LightProbeVolumeOverride: {fileID: 0}
  m_ScaleInLightmap: 1
  m_PreserveUVs: 0
  m_IgnoreNormalsForChartDetection: 0
  m_ImportantGI: 0
  m_StitchLightmapSeams: 0
  m_SelectedEditorRenderState: 3
  m_MinimumChartSize: 4
  m_AutoUVMaxDistance: 0.5
  m_AutoUVMaxAngle: 89
  m_LightmapParameters: {fileID: 0}
  m_SortingLayerID: 0
  m_SortingLayer: 0
  m_SortingOrder: 0
  serializedVersion: 2
  m_Quality: 0
  m_UpdateWhenOffscreen: 0
  m_SkinnedMotionVectors: 1
  m_Mesh: {fileID: 4300000, guid: 91028badc63f59f43a9c5bda64fbd608, type: 3}
  m_Bones:
  - {fileID: 1762658652380419769}
  - {fileID: 4661888623762284337}
  - {fileID: 6761035649266330117}
  - {fileID: 8703031531247233422}
  - {fileID: 4339866809122655310}
  - {fileID: 6406467525343438639}
  - {fileID: 1052037480182516448}
  - {fileID: 8922692719002647421}
  - {fileID: 9056378177501550759}
  - {fileID: 203548941565094727}
  - {fileID: 2373252568502670634}
  - {fileID: 2562555563051093032}
  - {fileID: 1762340860311659846}
  - {fileID: 5579278736517540212}
  - {fileID: 3008678504867015277}
  - {fileID: 1487817700558092907}
  - {fileID: 5430418087523512699}
  - {fileID: 1864303495030134351}
  - {fileID: 1430494140457969357}
  - {fileID: 7116307433377907059}
  - {fileID: 6153652652088448964}
  - {fileID: 9106847241044692015}
  - {fileID: 814622536354119123}
  - {fileID: 6529951840043480764}
  - {fileID: 8498279164275622379}
  - {fileID: 6579830936620190776}
  - {fileID: 2980244174022136790}
  - {fileID: 5357330105052557094}
  - {fileID: 3247036953203251672}
  - {fileID: 6072342910731577661}
  - {fileID: 8978221689059106337}
  - {fileID: 6884504502324804384}
  - {fileID: 4268754028628769232}
  - {fileID: 7824077230226239858}
  - {fileID: 8322727422198410141}
  - {fileID: 3813615215859414961}
  - {fileID: 776661988933308832}
  - {fileID: 863241487252242241}
  - {fileID: 7278012945438142304}
  - {fileID: 1595200372034752378}
  - {fileID: 9122882390688806277}
  - {fileID: 2985359937478011326}
  - {fileID: 2047759973497733682}
  - {fileID: 3997102070692315880}
  - {fileID: 4863562639406732658}
  - {fileID: 8233712461762303587}
  - {fileID: 8218564501121211250}
  - {fileID: 8579948777923850479}
  - {fileID: 7941449125788041478}
  m_BlendShapeWeights: []
  m_RootBone: {fileID: 1762658652380419769}
  m_AABB:
    m_Center: {x: -0.00000011920929, y: 0.89040464, z: -0.045910932}
    m_Extent: {x: 1.0245588, y: 0.9885097, z: 0.28730622}
  m_DirtyAABB: 0
